1920 2579
354 141 411 195 78

355 201 564 230 marmore
596 198 754 243 reperto
784 185 894 242 apud
926 186 1160 240 Misenum,
1195 199 1241 231 ut
1272 187 1417 245 legitur
1454 189 1582 246 apud*
1607 190 1723 233 Scot-

351 257 442 287 tum
478 245 570 296 l9co
602 247 756 296 citato,
794 260 878 300 pag.
920 248 981 297 14..

468 303 585 343 Hane
618 316 756 359 postea
788 304 962 360 sequiori
1008 318 1135 359 aevo,
1183 306 1362 359 evulgata
1393 305 1597 361 Evangelii
1615 323 1727 362 prae·

352 361 570 401 dicatione.
603 362 783 418 undique
821 394 832 415 ,
879 362 1003 403 fidem
1054 364 1476 420 recepisseprod‘unt
1523 364 1725 407 Ecclesiae

350 419 604 459 Christianae
635 422 753 461 Fasti.
790 424 941 462 Divum
974 420 1080 460 enim
1113 425 1316 471 Paulum,
1347 436 1430 477 quo
1463 433 1649 477 tempore
1682 426 1722 464 in

353 476 510 517 Italiam
543 477 734 529 advenit,
768 490 806 519 et
838 477 1025 519 Puteolos
1058 482 1244 535 appulit,
1297 480 1350 519 ibi
1398 479 1521 520 fidem
1569 481 1722 522 Christi

349 534 599 590 praedicasse
628 547 818 578 constat:
849 552 932 593 quo
966 547 1147 591 tempore
1180 538 1308 578 vicina
1341 538 1464 593 opida
1488 568 1500 587 ,
1550 549 1589 578 et
1638 541 1720 580 Mi·-

351 603 504 632 senates
537 595 610 649 ipsi
644 595 895 636 Christianae
927 594 1020 634 fidei
1053 595 1259 651 Religione
1291 606 1385 635 sunt
1419 595 1578 636 imbuti.
1629 597 1722 637 Sae-

350 651 444 690 culo
474 662 610 691 autem
645 653 794 706 terlio,
829 664 867 692 et
900 662 1046 707 quarto
1070 653 1246 701 ineunte
1277 668 1369 692 cum
1407 654 1530 706 magis
1563 653 1714 695 ethnici

351 708 689 761 Imperator-esim
725 710 977 751 Christianos
1010 711 1237 761 saevirent,
1269 722 1308 750 et
1343 712 1575 766 praesertim
1625 727 1721 754 euin

350 766 576 821 persecutio
608 769 647 806 in
681 767 832 809 Christi
882 766 1019 807 fideles
1047 768 1361 825 ‘imperantibus
1426 768 1679 810 Diocletiano
1703 802 1717 821 ,

351 833 393 863 et
428 824 669 866 Maximiano
704 829 877 867 maxime
909 824 1114 866 exarderet
1136 858 1148 876 ‚
1183 838 1281 867 tunc
1313 829 1360 867 B.
1395 827 1606 868 Ianuarius
1650 829 1728 868 Be-

349 892 600 924 neventanus
634 884 794 924 praesul
829 883 1016 926 Puteolos
1050 885 1128 925 fuit
1158 885 1381 941 perductus
1402 914 1411 932 ,
1444 884 1511 924 ubi
1561 883 1720 927 Sosium

350 938 556 982 Ecclesiae
587 944 849 983 Misenatium
895 943 1128 984 Diaconum
1176 945 1216 984 in
1263 957 1462 983 carcerem
1516 944 1719 984 inclusum

351 999 514 1053 reperit.
548 1001 656 1041 Hinc
689 1014 829 1041 omnes
861 1002 911 1042 ad
946 1000 1118 1041 Vulcani
1150 1003 1469 1055 Forumcapite
1501 1002 1604 1056 plexi
1635 1001 1722 1042 fue-

345 1069 421 1104 re,
455 1058 525 1111 qui
559 1069 693 1112 postea
727 1059 777 1099 ab
815 1073 1055 1115 unaquaque
1086 1058 1187 1099 urbe
1219 1060 1258 1098 in
1293 1069 1485 1112 patronos
1520 1058 1585 1114 (1)
1633 1059 1721 1098 vin-

345 1111 469 1153 dicati
502 1116 625 1157 fuere.
657 1116 768 1156 Inter
799 1117 894 1156 alios
927 1118 1047 1155 huius
1081 1116 1192 1157 urbis
1240 1118 1462 1171 Episcopos
1516 1131 1718 1157 memora-

343 1180 412 1211 tur
445 1174 678 1214 Benenatus
699 1203 711 1223 ,
744 1174 858 1215 cuius
893 1173 1141 1216 mentionem
1174 1175 1271 1215 facit
1303 1175 1341 1215 S.
1376 1174 1600 1228 Gregorius
1624 1174 1720 1216 Dia-

342 1227 424 1284 log.
459 1229 530 1271 lib.
567 1231 619 1271 Il.
795 1264 805 1271 .
933 1257 936 1258 ν

467 1289 671 1345 Conlapso
704 1289 868 1330 tandem
900 1289 1180 1331 Romanorum
1228 1289 1429 1345 imperio,
1477 1290 1679 1331 Misenum
1700 1319 1716 1340 ,

342 1357 592 1403 cunctaeque
623 1346 721 1387 aliae
754 1348 1003 1404 Campaniae
1027 1348 1210 1389 rurbes-a
1245 1349 1450 1388 maiestate
1483 1349 1630 1389 sensim
1653 1362 1720 1388 ce-

343 1405 559 1458 ciderunt,
594 1406 726 1446 donec
758 1421 864 1447 anno
899 1404 1295 1449 DCCCXXXVIII.
1330 1407 1601 1448 Barbarorum
1636 1420 1723 1447 ma-

447 1526 506 1574 (1)
535 1527 632 1563 Olim
659 1529 754 1577 apud
781 1529 955 1564 Ethnicos
984 1542 1060 1564 mos
1088 1529 1206 1577 viguit
1233 1531 1366 1577 patrios
1394 1528 1479 1563 deos
1508 1528 1577 1562 sibi
1606 1529 1722 1564 intu-

341 1577 452 1613 telam
480 1576 652 1625 seligere,
679 1580 742 1627 qui
771 1579 930 1626 singulas
958 1580 1066 1614 urbes
1094 1580 1161 1617 suh
1203 1591 1326 1613 corum
1370 1577 1550 1612 habebant
1574 1587 1741 1614 custos

342 1627 438 1663 diam
462 1639 471 1667 ·,
501 1626 605 1662 hosce
632 1629 734 1664 Deos
761 1629 938 1673 Patrios,
966 1635 997 1664 et
1028 1629 1246 1663 Communes
1274 1628 1408 1675 placuit
1435 1626 1630 1674 appellare.
1651 1629 1722 1664 Ve-

341 1689 423 1712 rum
451 1675 740 1713 Christianorum
769 1678 975 1713 introducta
1003 1678 1222 1726 Religioue‚
1252 1690 1291 1712 ac
1320 1675 1490 1711 inanIbus
1518 1676 1586 1711 diis
1604 1703 1614 1719 ,
1641 1687 1715 1719 *at-

276 1769 284 1772 *
342 1738 414 1775 que
441 1725 582 1776 templis
610 1728 739 1763 eversis
758 1754 768 1771 ,
799 1737 886 1762 tunc
912 1727 1129 1763 Sanctorum
1160 1727 1402 1775 patrocinium
1430 1726 1654 1768 invexerunt,
1681 1734 1720 1763 et

345 1777 543 1825 praecipue
571 1775 716 1812 illorum
740 1804 749 1821 ,
779 1778 840 1826 qni
871 1791 934 1826 pro
963 1777 1106 1812 Christo
1137 1778 1246 1812 vitam
1275 1775 1501 1818 amiserant,
1546 1789 1715 1825 quosque

346 1826 518 1875 Martyres
546 1824 628 1862 inde
657 1827 1074 1876 compellarunt:’iique
1103 1827 1218 1862 veluti
1246 1827 1430 1869 Patroni,
1458 1837 1498 1859 ac
1528 1825 1721 1861 Tutelares

342 1876 473 1911 habiti.
502 1877 696 1912 Misenates
724 1877 808 1913 iude
829 1904 838 1921 ,
867 1887 900 1913 et
928 1878 1066 1913 vicinae
1094 1877 1256 1912 civitates
1283 1888 1344 1912 eos
1383 1876 1449 1910 sibi
1496 1875 1532 1909 in
1569 1875 1720 1912 tut-elam

343 1925 600 1971 vindicarunt,
631 1928 694 1976 qui
723 1926 810 1962 olim
856 1929 1072 1976 sanguinem
1113 1927 1338 1962 effuderunt.
1379 1924 1646 1973 Hinc'legitur
1684 1926 1722 1960 in

343 1977 428 2012 Act.
456 1977 597 2012 Bonon.
626 1989 644 2012 a
673 1977 861 2013 Mazochio
889 1976 1005 2013 allatis
1036 1977 1183 2012 Vindio.
1215 1979 1340 2026 Repet.
1374 1989 1455 2025 pag.
1484 1974 1536 2021 40
1560 1975 1651 2019 Cum
1674 1988 1718 2010 ιι-

345 2038 569 2077 naquaeque
593 2025 699 2077 plebe
726 2027 880 2063 sollicite
907 2040 988 2065 suos
1014 2026 1081 2061 sibi
1107 2028 1290 2075 Patronos
1317 2037 1449 2074 rapere
1463 2025 1691 2074 festinarent
1709 2052 1721 2070 ‚

345 2076 591 2125 Neapolitani
613 2077 663 2112 B.
692 2076 908 2126 Ianuar-ism
934 2077 1001 2112 sibi
1023 2085 1218 2125 patronum
1246 2076 1411 2119 tollentes
1431 2087 1455 2109 a
1473 2076 1631 2109 Domino
1645 2087 1719 2110 me,

347 2134 500 2162 ruerunt
521 2154 531 2171 ‚
560 2134 595 2162 et
625 2127 820 2163 Puteolani
844 2128 888 2164 S.
916 2128 1112 2163 Proculum
1145 2155 1153 2164 .
1184 2154 1192 2163 .
1223 2154 1232 2162 .
1260 2154 1269 2163 .
1295 2128 1453 2173 tulerunt
1470 2153 1480 2171 ,
1525 2131 1560 2158 et
1605 2123 1719 2159 Mise-

346 2182 450 2210 nates
476 2176 827 2214 Satlc'lumSOSJ'um
852 2181 1063 2217 Diaconum
1099 2207 1107 2215 .
1141 2181 1155 2214 .’
1180 2204 1189 2214 .
1218 2204 1226 2215 .
1257 2205 1264 2213 .
1295 2177 1453 2212 tulerunt
1475 2202 1485 2220 ‚
1531 2180 1566 2208 et
1589 2184 1718 2224 posue·
1740 2202 1743 2205 .

348 2232 432 2263 runc
460 2228 499 2264 in
524 2228 686 2265 Basilica
714 2237 784 2265 ete.³
1044 2235 1052 2236 ‘
1122 2228 1127 2232 ”
1408 2238 1410 2241 ·
