1920 2579
1381 124 1392 151 1
1410 123 1419 150 1
1439 125 1451 150 ι

141 208 145 211 .
202 173 332 228 Quos
367 186 460 214 nec-
488 184 586 212 vere
615 184 727 212 novo
750 170 881 222 foliis
919 169 1127 211 lentiscus
1161 174 1326 211 amas-is

199 232 345 286 Inficic
362 262 377 283 ,
400 239 473 272 aut
506 242 679 270 vaca-ae
712 237 890 290 tenuant
923 227 1153 283 dispendia
1173 229 1316 269 lanae.

84 349 323 405 Nympbam
360 345 453 387 facit
484 344 651 386 eandem
687 343 861 385 insulam
895 344 1028 400 ecloga
1063 345 1134 387 IV.
1171 360 1207 387 v.
1241 346 1310 397 46.

205 470 263 505 Te
295 477 460 521 quoque
477 463 718 514 formosae
748 469 921 514 captum
946 460 1127 502 Nesidis
1160 477 1313 503 amore
1334 493 1349 513 ,

185 523 444 577 vPausi-{yps
467 552 479 571 ,
513 525 622 562 irato
665 518 904 574 compellat⁴
933 521 987 560 ab
1022 534 1212 577 aequore
1249 531 1443 577 quaestu,

92 651 130 681 et
160 638 200 679 in
235 637 409 681 Arcadia
441 636 573 691 ecloga
607 636 703 679 XII-0
739 636 793 676 ita
825 635 954 692 ipsam
986 634 1204 677 describit:

212 755 380 796 Dimmi
412 752 580 794 Nesida
621 754 727 803 mia,
764 756 858 794 cosi
894 768 977 795 non
1016 762 1198 795 sentano

273 814 335 853 Le
364 813 457 854 rive
492 821 560 852 tue
589 812 805 868 giammai
833 818 1054 853 crucciatci
1088 811 1265 853 Dorida
1284 844 1297 862 ‚

214 872 323 913 Non
355 871 385 911 ti
412 870 589 911 vidd’io
617 871 719 923 poc'
738 870 844 910 anzi
879 871 1061 921 erbosa,
1098 876 1126 910 'e
1149 871 1349 926 florida,

272 929 447 971 Abilam
482 928 538 968 da
567 929 685 982 lupi,
721 943 745 967 e
777 928 841 968 da
867 930 1060 973 cuniculi.

99 1046 252 1090 Plinius
283 1047 388 1088 Hist.
420 1046 568 1086 Natur.
599 1043 668 1085 lib5
701 1044 821 1086 XIX..
854 1060 886 1086 c.
924 1047 945 1086 8
981 1046 1161 1088 eiusdem
1194 1047 1347 1088 insulae
1376 1049 1460 1089 lau-

103 1108 172 1148 dat
203 1118 439 1160 asparagos:
472 1102 594 1143 ZVam
632 1102 746 1159 quod
778 1107 820 1142 in
850 1103 1019 1144 Neside
1055 1105 1324 1160 Campaniae
1358 1107 1467 1147 insu·

102 1167 147 1206 la
197 1164 421 1211 nascitur,
461 1161 591 1217 longe
629 1161 834 1215 optimum
894 1162 1178 1205 existimatur.
1231 1163 1474 1206 Hodiedum.

103 1239 168 1264 aer
200 1221 331 1264 multo
364 1217 608 1261 insalubrior
639 1229 729 1269 est,
784 1224 910 1276 quam
956 1221 1057 1263 olim
1105 1233 1276 1281 propter
1322 1223 1474 1266 Auiani

105 1281 214 1322 lacus
248 1277 607 1336 propinquitatem.

222 1340 351 1394 Supra
385 1335 555 1377 eandem
588 1336 761 1378 insulam
794 1337 969 1378 Lucium
1003 1339 1224 1382 Lucullum
1255 1341 1390 1383 villam
1416 1341 1484 1382 ha:

109 1397 241 1438 buisse
272 1395 490 1450 proditur:
514 1409 607 1435 nam
640 1393 696 1433 ibi
729 1395 1133 1438 nonnulla‘fabricae
1167 1410 1318 1440 restant
1345 1400 1480 1441 adhuc

114 1452 288 1507 vestigia.
322 1453 430 1494 Hinc
463 1453 607 1493 Cicero
643 1450 694 1491 de
727 1450 892 1493 Luculli
924 1454 1045 1495 tradit
1077 1456 1167 1497 villa
1187 1489 1197 1506 ‚
1230 1469 1268 1498 et
1299 1457 1350 1499 de
1378 1461 1487 1500 Bru-⁴

113 1524 156 1554 to
188 1513 243 1552 sic
273 1511 441 1552 scribit:
478 1509 663 1566 Philipp.
696 1510 748 1553 X.
781 1525 814 1551 c.
849 1519 888 1562 4.
943 1517 996 1555 At
1028 1516 1127 1557 hunc
1175 1515 1268 1572 ipsis
1305 1520 1488 1561 ludorum

114 1572 247 1612 diebus
283 1571 455 1611 videbam
509 1574 549 1610 in
598 1569 726 1610 insula
775 1571 980 1612 clarissimi
1021 1575 1276 1617 adolescentis
1329 1576 1489 1620 Luculli

109 1633 325 1685 propinqui
361 1632 432 1669 sui.
467 1627 519 1667 Et
550 1625 602 1666 ad
634 1628 821 1669 Atticum
853 1626 926 1670 lib.
960 1630 1072 1672 XVI.
1107 1648 1169 1688 ep.
1204 1637 1244 1676 3.
1265 1632 1366 1690 Ego
1401 1652 1491 1679 con-

116 1689 297 1730 scendens
327 1702 351 1727 a
389 1685 642 1741 Pompeiano
679 1688 804 1728 tribus
842 1692 1076 1731 actuariolis
1095 1721 1111 1742 ‚
1151 1694 1284 1735 decem
1316 1695 1485 1737 scalmis.

118 1747 266 1787 Brutus
293 1754 378 1787 erat
411 1749 451 1786 in
484 1747 660 1797 Neside·⁷
694 1749 818 1786 etiam
858 1763 959 1788 nunc
985 1747 1166 1806 Neapoli
1204 1751 1371 1794 Cassius.
1422 1775 1426 1779 —

236 1803 360 1844 Nunc
395 1817 488 1844 vero
521 1802 720 1857 temporis
749 1803 848 1844 haec
880 1805 1049 1860 ipsamet
1083 1808 1265 1862 deserta,
1308 1821 1346 1852 et
1377 1808 1491 1852 steri-

122 1861 170 1903 lis
202 1875 329 1917 prope
362 1872 453 1913 est,
491 1870 529 1902 et
558 1859 813 1915 inhabitata,
847 1871 887 1903 et
917 1863 995 1904 dici
1024 1875 1161 1921 potest
1191 1882 1284 1909 cum
1316 1868 1489 1926 Virgilio

122 1922 216 1963 AEn.
249 1919 299 1960 ΙΙ.
378 1931 384 1937 ··

419 2068 427 2078 .
463 2069 473 2079 .
509 2069 517 2078 .
551 2036 684 2080 Statio
715 2042 908 2080 tutissima
945 2044 1100 2095 nautis,

129 2152 280 2210 quippe
308 2152 422 2209 quod
452 2152 706 2196 Graecorum
727 2187 740 2207 ,
770 2155 1024 2213 aliarumque
1066 2159 1247 2215 gentium
1290 2162 1496 2206 onerariae

130 2225 249 2276 nayes
292 2227 337 2253 ex
368 2214 518 2268 AEgaeo
565 2214 665 2255 mari
714 2215 1027 2270 provenientes,
1075 2218 1254 2261 multum
1301 2223 1495 2278 temporis

131 2270 220 2313 hem
257 2269 564 2327 Quarantenae,
599 2283 644 2323 ut
676 2271 859 2326 dicitur,
893 2273 1110 2319 in‘sumunt
1140 2292 1271 2321 causa.
1304 2278 1352 2322 In
1367 2281 1486 2331 Nesi2·
