1920 2579
1440 83 1487 126 ιδ

148 148 316 194 Adhaec
346 150 541 210 temporis
574 145 818 203 longaevitas
849 145 1007 187 nullam
1038 143 1206 203 posteris
1237 140 1397 199 reliquit
1431 99 1514 181 me,i

147 224 337 252 moriam.

264 267 311 308 In
343 266 536 310 Stabiensi
568 265 659 306 sinu
704 260 946 318 adsurgebat
979 263 1075 304 olim
1106 259 1178 301 alia
1228 257 1353 309 urbs,
1402 258 1515 300 cuius

96 334 102 340 “
147 323 308 366 nullum
341 327 381 366 in
415 324 735 382 praesentiarum
768 331 891 361 restat
925 321 1171 375 vestigium:
1205 332 1249 358 ea
1283 326 1341 357 est
1374 316 1521 374 AEqm,

147 397 279 440 quam
310 398 419 424 nunc
449 381 701 439 appellamus
735 379 851 423 Vico
880 378 1100 437 Equense.
1134 378 1220 418 Cur
1267 377 1345 416 hoc
1393 375 1520 430 ipsam

149 442 322 483 nomine
353 451 504 482 veteres
538 438 760 490 vocarint,
797 439 997 479 incertum
1034 436 1216 492 profecto
1250 445 1337 484 est,
1376 449 1520 490 quam·

151 500 212 542 vis
259 500 448 542 nonnulli
499 498 550 540 ab
597 497 771 554 AEquis,
802 495 863 536 vel
903 494 1126 553 AEquicolis
1175 495 1256 534 huc
1307 492 1522 533 Coloniam

150 556 486 599 transferentibus
515 555 668 599 dictam
700 557 963 596 autumariut.
998 553 1118 597 Silius
1146 553 1307 595 Italicus
1353 549 1422 591 lib.
1458 553 1516 594 V.

150 613 320 657 eandem
351 625 553 658 memorat
582 613 662 656 hoo
693 613 820 655 modo
844 630 853 655 :

192 700 1096 715 ....................
1127 669 1298 713 Felicia
1335 668 1512 708 Baccho

153 727 393 785 AEquana,
429 739 469 772 et
485 732 671 786 zephyro
708 730 961 771 Surrentum
996 730 1130 769 molle
1168 727 1335 768 salubri.

271 789 367 831 Non
400 791 541 845 procul
573 787 624 830 ab
653 786 785 843 AEqua
830 788 934 829 inter
977 786 1220 827 Surrentum
1266 798 1441 839 nempe,
1486 785 1607 825 ctM⁶⁶²³
1623 785 1751 818 AE'1¹¹²'‘⁸·

152 845 312 888 Stabias
345 845 570 889 adsurrexit
601 860 750 902 parvus
780 846 893 886 vicus
923 845 1081 886 saeculo
1130 842 1346 884 undecimo
1391 841 1522 884 dictus

151 903 283 945 Massa
327 904 544 959 AEquana‚
595 901 705 958 apud
754 917 877 957 quem
910 904 1044 942 vicum
1074 901 1190 956 plura
1233 910 1382 940 restant
1417 912 1523 941 vetu-

152 969 305 1003 starum
337 960 586 1002 fabricarum
617 959 763 1000 rudera
784 989 795 1010 ,
827 974 929 1014 quae
961 957 1013 998 ad
1045 958 1187 999 urbem
1207 957 1415 1015 quondam
1432 973 1521 1013 per·

152 1018 364 1060 timuerunt
397 1019 590 1076 AEquam.
644 1015 830 1072 Sequiori
862 1031 960 1060 vero
1009 1030 1106 1057 aevo
1156 1026 1311 1056 mutato
1359 1017 1523 1056 nominc:

153 1078 247 1118 Vici
281 1091 430 1118 nomen
466 1075 688 1134 usurpavit.
721 1075 848 1116 Vicus
879 1087 1015 1117 autem
1048 1073 1149 1115 nihil
1180 1072 1293 1115 aliud
1326 1073 1521 1127 designat,

149 1149 274 1191 quam
310 1135 570 1191 frequentem
600 1132 805 1192 quandam
839 1134 1030 1184 aedium,
1063 1148 1106 1174 ac
1142 1132 1325 1174 villarum
1374 1142 1524 1172 erecta·

150 1208 244 1237 rum
277 1197 628 1236 coacervationem
661 1205 739 1249 pro
772 1192 911 1236 vicinis
942 1193 1046 1248 agris
1079 1192 1272 1234 colendis.
1293 1192 1417 1232 Auno
1453 1190 1522 1230 de-

149 1267 267 1294 mum
301 1251 472 1295 MCCC.
509 1252 550 1293 in
583 1250 868 1308 Episcopalem
899 1251 1034 1293 sedem
1069 1249 1147 1291 fuit
1178 1259 1311 1291 evecta
1343 1265 1364 1289 a
1396 1250 1520 1290 Caro-

149 1309 189 1351 lo
222 1311 260 1352 II
297 1309 576 1365 Andegavensi
600 1341 614 1362 ‚
651 1310 721 1366 qui
755 1323 902 1351 novam
936 1310 1040 1351 hanc
1073 1310 1217 1352 urbem
1250 1307 1453 1359 excitavit,
1480 1318 1520 1348 et

154 1368 291 1410 villam
321 1368 414 1408 heic
447 1368 640 1425 possedit.
675 1367 912 1410 Hodiedum
946 1383 1046 1411 nova
1081 1368 1177 1410 urbs
1208 1367 1357 1409 dicitur
1409 1368 1519 1406 vicus

155 1427 371 1483 AEquensis
402 1426 452 1467 ab
485 1441 619 1469 eversa
651 1427 750 1468 olim
780 1427 912 1483 AEqua
935 1459 946 1478 ,
979 1426 1199 1483 differtque
1230 1441 1251 1466 a
1306 1423 1518 1466 Liternino

151 1488 268 1536 vico,
305 1490 385 1527 vico
417 1487 457 1527 di
489 1485 698 1539 Pantono,
733 1485 783 1526 de
815 1500 897 1540 quo
928 1485 1030 1527 infra
1064 1495 1249 1527 occurret
1280 1485 1445 1525 mentio.

271 1544 315 1584 Iu
351 1543 488 1585 eadem
522 1546 640 1584 etiam
674 1543 984 1600 Apenniuorum
1005 1554 1143 1586 catena
1166 1541 1406 1597 adsurgebat
1426 1543 1516 1583 Sur-

153 1612 331 1644 rentum.
382 1605 439 1643 Ea
492 1602 587 1643 urbs
619 1602 731 1643 adest
762 1616 783 1642 e
814 1602 976 1656 regione
1027 1601 1218 1657 Neapolis
1239 1632 1251 1651 ,
1283 1601 1333 1641 ab
1382 1599 1519 1641 eodem

156 1661 274 1701 XVI.
309 1662 366 1703 Μ.
400 1663 443 1701 Ρ.
477 1661 634 1704 circiter
666 1660 815 1703 dissita.
847 1660 958 1702 Haec
988 1660 1257 1703 vetustissima
1294 1661 1396 1700 inter
1428 1660 1521 1700 alias

157 1719 400 1770 Campaniae
431 1721 696 1769 aestimatur,
730 1719 781 1760 de
813 1733 892 1774 qua
925 1718 1089 1775 quidem
1122 1730 1306 1761 auctores
1336 1719 1520 1758 nonnulli

159 1774 314 1816 fabulas
345 1787 612 1828 enarrarunt,
644 1776 780 1831 quoad
812 1777 918 1817 illius
950 1776 1274 1818 aedificationem
1295 1806 1307 1823 ,
1340 1789 1521 1831 quasque

162 1847 234 1872 nos
266 1833 526 1888 insipidulis,
564 1843 603 1873 et
635 1832 736 1874 male
754 1832 968 1875 cerebrosis
989 1833 1226 1875 hominibus
1242 1833 1521 1888 relinquimus.

158 1891 338 1944 Quidam
372 1902 505 1933 autem
539 1890 842 1948 Campanorum
865 1923 878 1942 ,
909 1891 973 1933 alii
1010 1904 1103 1937 vero
1121 1891 1423 1933 Picentinorum
1444 1892 1522 1933 hoc

159 1949 325 2004 opidum
345 1950 635 1992 crediderunt:
667 1959 707 1991 at
739 1964 811 2005 ego
832 1950 1078 2006 probabilius
1111 1950 1295 1993 existimo
1314 1982 1329 2002 ‚
1355 1949 1457 1990 illud
1473 1948 1523 1991 ab

161 2008 300 2050 iudem
335 2008 428 2063 ipsis
459 2007 671 2050 conditum
692 2040 703 2061 ‚
736 2008 807 2065 qui
843 2008 1042 2059 Palladis,
1075 2024 1143 2050 seu
1176 2008 1384 2050 Minervae
1429 2018 1524 2049 tern-

163 2068 275 2123 plum
311 2068 536 2107 excitarunt
567 2066 676 2108 haud
708 2065 851 2123 procul
883 2066 933 2108 ab
966 2067 1041 2109 hoc
1072 2066 1202 2109 litore.

274 2123 386 2165 Nihil
419 2139 512 2166 vero
543 2125 614 2167 illo
646 2128 757 2168 coelo
790 2125 987 2176 mollius,
1019 2138 1057 2167 et
1088 2126 1296 2168 amoenius
1329 2126 1406 2168 fuit
1427 2140 1528 2182 quo-

160 2180 217 2220 vis
250 2189 444 2239 tempore:
475 2199 541 2226 aer
573 2185 682 2226 enim
712 2183 766 2228 ibi
797 2197 992 2241 perquam
1027 2184 1134 2227 mitis
1153 2217 1165 2235 ,
1199 2195 1319 2243 atque
1348 2184 1478 2226 dulcis
1509 2202 1520 2237 3

161 2240 432 2339 riciniTcolles
463 2242 563 2286 adeo
590 2253 685 2286 sunt
711 2244 949 2305 'peramoeui
974 2275 986 2294 ‚
1019 2253 1064 2286 ut
1095 2242 1236 2287 oculus
1267 2244 1421 2287 ibidem
1452 2259 1522 2285 na·

319 2329 326 2339 ι
391 2303 429 2347 Ι.
1226 2306 1278 2345 23

1586 252 1675 284 ἔφη,

1555 1539 1614 1562 Suu
1623 1542 1715 1562 cuturn.
