1920 2579
1455 121 1530 159 231

166 186 267 229 adeo
298 193 452 225 vetusta
472 214 483 236 ,
515 193 560 224 ut
590 196 631 223 ea
666 180 868 224 nonnullis
901 177 1166 236 scriptoribus
1217 173 1420 218 sexcentas
1466 191 1527 217 re·-

170 242 356 302 periundi
383 273 395 293 ,
428 252 467 283 et
499 238 721 283 excudendi
759 240 912 281 fabulas
960 254 1098 280 ansam
1146 234 1386 295 praebuerit.
1441 235 1533 276 Hoc

169 317 298 344 unum
334 301 428 342 satis
456 298 565 340 dictu
598 308 656 339 est
678 329 692 349 ‚
729 298 992 348 Strabonem,
1013 299 1232 346 Senecam,
1264 293 1444 351 aliosque
1464 307 1532 335 au·

169 372 298 402 ctores
327 359 431 415 illius
464 358 711 398 mentionem
745 358 893 399 fecisse.
926 361 1118 412 Quorum
1137 355 1306 411 quidam
1335 368 1357 393 a
1391 354 1530 402 Basso,

166 420 234 458 alii
266 433 285 456 a
308 416 365 458 vL.
400 415 571 458 Lucullo
600 427 780 470 ‚apertam
815 431 896 457 esse
928 416 1188 470 seripserunt.
1231 413 1347 453 Illam
1394 425 1531 466 reapse

170 475 389 517 Cocceium
422 475 688 515 architectum
726 477 785 517 M.
815 475 1020 530 Agrippae
1054 473 1194 524 iussu,
1249 472 1317 527 qui
1370 468 1537 511 Tiberio

171 534 392 589 imperante
425 534 521 573 vixit
541 564 552 583 ,
587 547 791 574 excavasse
809 544 950 573 auctor
983 541 1039 572 est
1058 530 1201 571 Strabo
1220 530 1288 569 lib.
1312 531 1365 569 V.
1386 530 1532 581 Geogr.

170 592 335 646 eiusque
366 592 606 631 sententiam
641 592 826 632 virorum
843 590 1103 632 eruditorum
1120 586 1306 645 plerique
1338 586 1541 642 amplexa-

171 649 200 688 ti
232 660 337 690 suut.
373 650 581 690 Strabonis
612 664 714 691 aevo
747 665 832 691 eam
866 649 1041 690 habebat
1085 647 1380 697 latitudinem,
1434 657 1539 699 quae

169 717 313 748 onusta
350 709 558 761 iumenta,
590 719 627 748 et
659 708 825 750 adverso
859 709 1000 748 itinere
1032 706 1257 761 gradientes
1288 719 1432 745 currus
1465 702 1530 742 ad-

168 765 374 816 mitteret,
423 765 752 822 illustrabantque
797 766 954 806 aditum
1002 779 1174 818 superne
1204 778 1277 819 per
1321 763 1531 803 Fenestras

171 822 349 863 immissa
387 824 538 864 lumina
559 855 573 873 ‚
611 835 654 864 ut
680 824 824 879 scribit
853 823 974 865 idem.
1006 821 1212 877 Hincipse
1227 831 1371 861 auctor
1386 818 1532 873 Agrip-

171 896 264 936 pam
297 883 469 935 Augusti
501 897 693 936 generum
744 893 881 924 narrat
909 899 928 923 a
964 880 1135 932 Cocceio
1164 879 1383 921 architecto
1431 877 1533 917 duas

170 939 422 979 effodiendas
453 948 612 994 cryptas
642 942 684 980 iu
715 956 811 994 agro
845 941 1068 981 Puteolano
1111 951 1269 977 curasse
1289 955 1301 977 .·
1353 949 1532 992 quarum

170 997 301 1050 prima
335 996 384 1037 ab
416 998 581 1038 Averno
613 998 661 1039 ad
694 998 846 1038 Cumas
876 999 1071 1037 viatorem
1092 993 1294 1035 ducebat.-
1324 994 1448 1035 altera
1469 1006 1540 1048 per

170 1054 284 1094 Baias
313 1055 371 1088 ἐπί
398 1054 473 1090 νεᾶν
502 1053 633 1110 πολὺ,
665 1058 721 1097 ad
750 1069 889 1097 novam
931 1057 1075 1096 urbem.
1124 1054 1162 1095 A
1195 1051 1393 1094 Strabone
1440 1050 1544 1091 indi-

174 1122 319 1154 cantur
354 1114 462 1169 ipsae
492 1115 609 1155 Baiae
630 1146 641 1166 ,
669 1129 750 1155 non
787 1128 883 1155 vero
924 1113 1144 1169 Neapolis,
1179 1126 1282 1167 quae
1317 1124 1476 1165 semper
1522 1121 1544 1146 a

173 1171 440 1225 scriptoribus
480 1174 628 1230 scripta
665 1174 864 1229 reperitur
901 1172 1085 1212 Νέῡιπὸλιε.
1114 1170 1177 1211 Ex
1208 1170 1384 1210 auctoris
1431 1175 1545 1209 textu

173 1228 279 1268 hanc
317 1241 504 1288 cryptam
537 1247 559 1273 a
588 1231 732 1272 Baiana
754 1230 1010 1273 differentem
1031 1229 1081 1270 ab
1104 1227 1284 1284 Agrippa
1319 1237 1546 1268 extructam

176 1286 298 1350 fuisse
329 1293 488 1339 elucet,
520 1292 705 1346 quamvis
736 1291 835 1330 haec
868 1289 1096 1346 depressior
1125 1287 1248 1328 fuerit
1269 1302 1290 1327 a
1321 1284 1540 1343 principio,

181 1354 220 1384 et
251 1347 472 1388 Viatoribus
513 1351 606 1389 satis
645 1347 920 1389 incommoda.

295 1404 469 1445 Litimina
502 1408 723 1463 insuper‘a
755 1406 956 1448 Strabone
1002 1406 1205 1461 descripta
1244 1405 1405 1446 nonnisi
1454 1413 1546 1458 post

177 1459 402 1514 longiorem
433 1475 604 1507 aetatem
633 1474 770 1520 aperta
805 1465 915 1505 fuere
936 1496 947 1516 ⁷
986 1480 1111 1520 eaque
1144 1464 1302 1503 nonnisi
1345 1464 1426 1504 duo
1448 1492 1461 1511 ‚
1503 1471 1547 1500 ut

180 1518 314 1559 adbuc
347 1521 481 1563 videre
526 1534 595 1564 est.
632 1523 786 1564 Annaei
819 1537 915 1563 vero
964 1522 1136 1563 Senecae
1175 1532 1361 1577 tempore
1409 1519 1545 1560 obscu-

181 1576 384 1618 rissimum
405 1596 473 1635 per
505 1592 687 1636 cryptam
722 1591 806 1621 erat
841 1582 941 1621 iter:
983 1592 1119 1620 narrat
1164 1581 1269 1619 enim
1291 1580 1371 1635 ipse
1393 1578 1440 1617 ad
1462 1578 1548 1619 Lu-

181 1636 319 1676 cilium
352 1638 528 1697 scribens
562 1641 676 1694 epist.
717 1637 851 1680 LVII.
897 1638 966 1678 lib.
999 1639 1089 1679 VH.
1126 1638 1227 1679 Cum
1270 1638 1402 1682 ,Baiis
1434 1639 1550 1678 debe-

179 1710 258 1734 rem
296 1693 513 1746 Neapolim
544 1707 756 1753 repetere,
777 1700 907 1754 facile
942 1698 1088 1739 credidi
1127 1705 1402 1751 tempestatem
1432 1711 1512 1736 esse
1537 1726 1548 1743 ,

177 1767 224 1789 ne
260 1755 403 1792 iterum
434 1771 566 1795 navem
603 1757 819 1810 experirer.
859 1756 946 1796 Sed
982 1764 1134 1796 tantum
1155 1756 1234 1794 luti
1251 1764 1337 1795 tota
1371 1754 1547 1802 viafizs't,

183 1817 227 1846 ut
253 1822 416 1862 possem
449 1814 568 1853 videri
589 1813 839 1853 nihilominus
871 1818 1088 1865 navigasse.
1127 1811 1269 1852 Totum
1305 1813 1544 1852 athletarum

173 1867 314 1921 satum
351 1870 447 1909 mihi
480 1873 548 1910 illo
583 1870 646 1910 die
686 1871 983 1927 perpetiendum
1007 1870 1110 1918 fuit.
1153 1868 1196 1908 A
1235 1878 1436 1910 ceromate
1476 1883 1550 1908 ηας

183 1926 283 1978 aplze
316 1933 485 1982 eoecepit
506 1960 516 1979 ‚
554 1928 594 1968 ιἰι
631 1938 771 1985 crypta
810 1927 1107 1982 Neapolitana..
1142 1924 1264 1967 Nihil
1301 1928 1368 1967 illo
1389 1942 1549 1967 carcere

183 1984 336 2038 lffllgluf
353 2014 362 2033 a
403 1989 498 2026 nihil
533 1987 610 2028 illis
634 1988 822 2043 saucibus
853 1988 1048 2028 obscurius
1069 2017 1082 2035 ,
1130 2000 1232 2042 quae
1269 1987 1380 2026 nobis
1430 2001 1545 2040 prae-

180 2050 318 2090 stant,
355 2058 431 2085 non
465 2054 508 2086 ut
535 2060 610 2099 pet·
642 2047 821 2086 tenebras
854 2048 1050 2086 videamus
1072 2074 1084 2092 ‚
1108 2046 1174 2084 sed
1209 2053 1252 2085 ut
1288 2045 1400 2096 ipsas.
1437 2047 1549 2083 Cete-

182 2114 271 2138 rum
297 2101 455 2143 etia’nst'
485 2102 596 2144 loeus
629 2105 788 2144 haberet
822 2105 959 2157 lumen
980 2134 990 2153 ‚
1020 2104 1148 2155 pulvis
1178 2103 1373 2153 auferret.
1417 2101 1463 2142 Ῑη
1503 2117 1549 2140 a·

179 2167 293 2211 perto
331 2176 484 2216 quoque
517 2166 586 2203 res
610 2166 771 2217 granulo,
815 2170 854 2203 et
890 2163 1068 2202 molesta.
1107 2163 1211 2216 Quid
1247 2164 1326 2202 illic
1347 2193 1358 2209 ,
1412 2163 1475 2202 ubi
1512 2160 1551 2199 in

185 2231 225 2255 se
258 2218 459 2261 volutatur
481 2251 490 2269 ‚
525 2228 565 2261 et
596 2237 683 2262 cum
717 2225 802 2262 stne
834 2221 912 2261 ullo
953 2221 1187 2275 spiramento
1224 2226 1273 2262 sit
1313 2221 1489 2262 inclusus
1513 2222 1553 2259 in

189 2279 291 2330 ipsos
312 2306 323 2328 ,
358 2294 382 2318 α
409 2281 562 2334 quibus·
585 2277 781 2323 excitatus
814 2288 873 2322 est
892 2310 903 2331 ,
939 2278 1094 2322 recidit.
