1920 2579
1461 107 1540 147 1¹7

164 160 229 203 Cl.
265 159 444 202 Tanusia
465 188 478 209 ‚
509 159 580 216 qui
611 156 749 199 Caroli
781 156 853 197 111.
887 155 1256 212 Neapolitanorum
1293 164 1393 195 tunc
1424 149 1546 208 Regis

167 220 278 260 iussu
310 218 515 261 XVViros
544 216 691 271 delegit
724 216 839 257 omni
869 216 1075 272 praeditos
1124 213 1356 255 eruditione
1376 243 1396 264 ,.
1441 213 1548 252 anti·

166 290 424 333 quorumque
472 276 718 331 scriptorum
761 275 937 316 lectione
980 273 1246 322 exercitatos,
1295 286 1379 328 quo
1430 283 1555 310 omne

164 349 290 386 genus
338 345 471 375 vetera
517 343 785 373 monumenta
836 334 879 375 in
929 331 1062 389 opidis
1094 331 1239 372 effossa
1271 329 1542 371 enuclearent.

166 391 333 436 Horum
361 407 456 433 vero
488 393 675 434 omnium
723 392 964 433 immensam
1015 389 1310 433 Collectionem
1349 385 1544 444 temporis

165 465 377 507 progressu
424 450 707 492 Ferdinandus
756 449 787 492 I.
821 451 906 492 eius
955 449 1063 491 filius
1110 448 1340 491 Siciliarum
1379 449 1469 489 ch
1500 445 1544 485 in

167 524 298 552 unum
343 524 489 564 corpus
536 508 721 564 redegit,
771 510 882 551 etin
914 510 1061 550 Museo
1110 506 1320 549 Borbonio
1365 501 1542 561 Neapoli

170 578 301 610 erecto
333 568 566 622 ponendam
597 567 767 609 curavit.

282 625 406 667 Haud
438 626 600 667 interim
632 636 769 668 nostra
801 627 968 668 interest
1005 620 1165 682 singula
1195 623 1344 665 isthaec
1394 620 1772 664 monspstatuaeexam

170 695 308 725 menta
357 683 608 735 describere,
653 700 748 725 cum
784 686 865 725 iam
896 682 1066 741 quidam
1098 683 1211 724 docti
1257 681 1445 724 homines
1477 682 1545 724 vix

170 741 395 784 eorundem
442 741 666 796 catalogum
718 742 941 783 exscribere
984 742 1207 799 potuerint.
1257 740 1345 781 Nos
1393 740 1545 797 raptim

172 799 372 857 quaedam
406 800 644 856 pretiosiora
677 799 1009 842 memorabimus.

287 858 473 898 Primum
503 859 691 900 omniurn
723 873 868 899 aeneae
898 869 1055 913 statuae
1085 866 1150 897 tot
1179 872 1226 898 ac
1278 866 1415 898 tantae
1454 867 1550 898 sunt

169 914 211 954 in
243 914 363 954 huius
395 917 526 958 Musei
557 914 754 965 aedibus,
792 928 920 971 eaque
952 913 1146 955 mirandis
1203 914 1344 968 figuris
1391 915 1447 955 ita
1480 930 1547 957 ex·

167 986 325 1028 pressae
345 1003 358 1022 ‚
390 982 436 1014 ut
468 973 566 1014 nihil
600 986 723 1028 supra
754 971 833 1013 dici
866 971 1006 1028 possit.
1058 973 1160 1013 Prae
1190 971 1334 1013 ceteris
1383 975 1550 1014 Mercu·

169 1029 254 1071 rius
276 1059 289 1080 ,
321 1029 507 1087 Iupiter,
543 1031 627 1079 duo
659 1031 908 1081 luctatores,
940 1028 1131 1072 nonnulli
1162 1029 1544 1086 gladiatores3Fau=

169 1103 247 1128 nus
278 1087 446 1140 ebrius,
492 1090 564 1146 qui
595 1104 716 1146 super
745 1089 829 1130 vini
876 1099 1014 1131 utrem
1058 1087 1203 1140 sedet,
1248 1089 1420 1147 qnidam
1465 1090 1549 1131 Ro-

168 1146 280 1187 mani
326 1145 523 1190 Consules
557 1164 613 1193 ex¹
635 1146 780 1191 eodem
818 1147 1014 1200 metallo,
1048 1147 1234 1205 quinque
1279 1149 1501 1190 saltatrices
1534 1179 1547 1199 ,

167 1205 304 1261 plures
337 1205 556 1248 hominurn
587 1208 758 1258 trunci,
790 1208 859 1265 qui
893 1206 1261 1264 philosophialiive
1291 1207 1547 1264 antiquitatis

169 1277 253 1304 esse
282 1265 359 1306 viri
408 1264 702 1308 existimantur.
749 1267 796 1307 Iu
828 1265 914 1307 aliis
944 1265 1115 1308 cameris
1145 1265 1259 1309 adest
1301 1281 1447 1322 magna
1499 1279 1547 1307 ex

173 1333 368 1376 argento,
402 1340 574 1382 aereque
607 1339 797 1368 vasorum
831 1325 970 1383 copia;
1001 1339 1126 1367 urnae
1157 1323 1432 1382 sepulchrales
1456 1357 1470 1376 ,
1505 1335 1545 1365 et

169 1394 262 1421 vasa
291 1381 440 1426 fictilia.
475 1384 642 1425 Adhaec
675 1398 743 1425 ara
791 1399 913 1426 aenea
945 1399 1042 1433 cum
1086 1382 1180 1425 sella
1211 1384 1378 1434 curuli,
1423 1394 1462 1426 et
1492 1383 1546 1423 le·

171 1438 426 1483 ctisteruium
458 1457 554 1484 curn
586 1441 773 1498 pluribus
803 1442 855 1483 ad
888 1441 1085 1484 sacrificia
1116 1442 1399 1483 instrumentis
1431 1456 1545 1485 com-

169 1499 335 1552 paratiS.
369 1500 537 1541 Adhaee
568 1501 742 1557 plurima
766 1501 938 1544 deorum
961 1515 1083 1558 parva
1103 1499 1316 1542 simulacra
1334 1532 1350 1552 ,
1374 1509 1412 1542 et
1426 1516 1544 1543 amu-

167 1556 247 1597 leta
279 1558 324 1598 ex'
359 1559 524 1614 privatis
557 1559 721 1602 urbium
757 1558 950 1601 domibus
983 1558 1206 1602 eruderata.
1255 1559 1366 1601 Inter
1413 1569 1545 1602 cetera

168 1616 333 1673 Priapi,
373 1618 543 1659 Veneris
566 1649 577 1670 ,
610 1617 866 1675 aliorumque
897 1620 1117 1660 numinum
1149 1615 1329 1672 figurae,
1362 1632 1544 1675 quorum

170 1674 297 1716 cultui
329 1675 593 1717 addictissimi
623 1687 774 1718 veteres
806 1678 920 1719 fuere
945 1712 960 1732 ,
1005 1687 1045 1719 et
1092 1677 1310 1733 praecipue
1342 1677 1542 1719 Hercula-

169 1745 338 1785 nenses,
371 1735 441 1790 qui
487 1734 608 1776 hosce
652 1735 749 1776 deos
780 1737 904 1777 veluti
936 1746 1130 1791 patronos
1163 1744 1202 1776 et
1235 1734 1428 1777 tutelares
1474 1750 1540 1777 co-

169 1787 291 1832 luere.

287 1850 350 1891 De
380 1849 660 1892 instrumentis
711 1849 915 1891 culinariis
945 1850 1046 1891 nihil
1096 1860 1155 1896 est
1186 1848 1302 1907 quod
1345 1850 1495 1894 addam
1528 1883 1541 1903 ,
1578 1866 1756 1906 nstrumgm

168 1906 321 1963 quippe
358 1924 453 1951 cum
483 1909 673 1966 pleraque
706 1908 888 1950 visantur
908 1940 920 1960 ‚
951 1919 990 1950 et
1021 1908 1085 1951 illa
1117 1919 1226 1951 recte
1257 1909 1474 1952 efformata
1491 1911 1543 1954 ad
1590 1901 1731 1929 ‘mmm'

168 1965 325 2010 culinae
356 1982 474 2009 usum
498 1999 512 2019 ,
550 1983 677 2025 eaque
708 1966 874 2008 diversis
907 1967 1083 2019 formis,
1116 1968 1235 2009 variis
1267 1966 1408 2023 figuris
1428 2002 1440 2023 ‚
1474 1985 1542 2014 va·

169 2022 319 2081 riisque
350 2026 489 2068 usibus
519 2027 572 2068 ita
604 2037 770 2084 aptata,
801 2035 847 2065 ut
879 2027 1135 2083 antiquitatis
1168 2026 1340 2070 curiosis
1373 2044 1435 2085 res
1457 2044 1543 2073 cer-

168 2092 207 2122 te
237 2094 420 2139 spectatu
454 2085 597 2141 dignae
631 2087 724 2127 sint.
758 2083 976 2142 Quidquid
1007 2101 1102 2127 vero
1135 2084 1186 2126 ad
1202 2084 1357 2128 victum
1391 2097 1451 2129 est
1472 2103 1542 2129 ne·

172 2143 408 2195 cessarium,
431 2143 521 2185 heic
554 2146 676 2187 etiam
694 2141 909 2201 reperitur·
944 2143 1008 2186 Ex
1039 2143 1377 2188 effossioneinter
1405 2156 1540 2188 cetera

170 2210 390 2243 exstractus
421 2213 482 2244 est
514 2205 628 2260 panis
660 2201 835 2245 rotunda
869 2202 1218 2260 forma‚quamvis
1252 2218 1363 2246 nunc
1391 2205 1540 2246 semiu-

172 2269 283 2312 stus,
313 2271 435 2318 atque
465 2260 702 2306 durefactus
731 2272 911 2319 apparet.
943 2261 1161 2319 Quaedam
1193 2263 1309 2320 panis
1329 2263 1462 2306 forma
1482 2277 1541 2307 ro-
