1920 2579
377 105 390 134 1
429 104 456 133 2

398 94 422 145 4
491 147 577 190 Est
603 147 728 190 locus
761 147 922 190 exciso
948 151 1119 204 penitus
1152 146 1385 188 demersus
1422 149 1537 188 hiatu
1557 178 1570 194 ,

488 206 796 261 Parthenopen
832 207 944 248 incer·
962 237 973 257 ,
1001 220 1275 263 magnaeque
1299 205 1610 246 'Dicarchidos
1631 220 1752 256 arva,

498 264 664 320 Cocy-ta
692 265 898 319 perfusus
928 278 1056 322 aqua.
1089 263 1211 304 Nam
1245 263 1419 318 spiritns
1450 272 1579 304 extra

500 322 588 377 Qui
605 324 719 375 furit
737 354 752 374 ,
789 321 952 378 effiasus
970 324 1152 375 fimesto
1189 323 1412 379 spargitur·
1443 330 1576 362 aestu.

495 379 603 420 Non
637 382 745 422 haec
769 389 976 424 autumno
1012 381 1136 422 tellus*
1170 381 1313 432 viret,
1356 390 1430 421 aut
1463 380 1538 420 alic
1580 380 1735 422 herbas

503 437 671 494 Cespite
705 441 843 481 laetus
872 454 991 498 ager.

160 561 380 599 aquaemani-
499 556 661 596 Totum
698 569 795 597 vero
835 556 913 597 hoc
945 554 1202 597 vulcanicum
1252 552 1384 594 solum
1438 567 1460 593 a
1506 555 1759 611 temporibus

224 598 273 625 ¹⁸⁸⁹
385 613 551 656 remotis
585 628 785 669 aquarum
823 614 1082 667 mineralium
1112 611 1350 666 scaturigine
1382 611 1625 664 abundavit,
1657 630 1760 670 quae

388 687 547 727 semper
579 670 803 712 celebratae
833 673 958 713 fuere.
976 671 1161 712 Dehisce
1191 670 1379 711 historiae
1408 670 1648 712 puteolanae
1667 674 1763 713 scri·

383 740 521 787 ptores
553 730 780 784 emphatice
822 731 1115 786 scriptitarunt.
1168 729 1224 770 At
1259 727 1458 769 undenam
1507 727 1601 769 huic
1651 741 1760 771 tanta

384 788 540 843 regioni
571 786 812 841 celebritas,
849 789 923 830 nisi
956 803 1002 829 ex
1032 800 1232 843 aquarum
1278 786 1533 828 mineralium
1580 787 1764 829 adfluen-

387 847 482 889 tia!
513 844 754 887 Puteolanae
782 862 880 890 vero
911 845 1104 889 historiae
1144 855 1364 896 auctores,
1418 856 1463 885 ut
1517 845 1620 886 inter
1668 844 1764 889 alios

388 905 487 946 alios
520 903 743 946 Alcadinus
794 904 844 946 de
893 905 1015 947 Baln.
1062 902 1219 944 Puteol.
1253 902 1452 959 Capacius
1499 902 1606 943 ibid(
1630 905 1764 960 Scipio

388 963 582 1005 Mazzella
615 963 720 1004 Hist.
755 964 910 1005 Puteol.
945 961 1200 1005 Sebastianus
1243 961 1434 1003 Bartolus
1466 962 1674 1004 Thermol.
1707 966 1766 1005 A·

391 1035 473 1076 rag.
506 1031 607 1063 tom.
640 1022 674 1066 Ι.
706 1021 924 1064 Sarneltius
945 1053 956 1074 ,
986 1019 1198 1063 Antichita
1246 1019 1286 1060 di
1335 1020 1555 1073 Pozzuofi,
1616 1020 1765 1077 aliique

392 1079 611 1120 memoriae
642 1079 888 1136 prodidere,
937 1080 1054 1120 hasce
1101 1093 1224 1134 aquas
1266 1078 1386 1119 fuisse
1419 1080 1583 1134 plureS,
1619 1095 1764 1134 easque

390 1135 442 1177 ad
473 1139 563 1179 XL.
597 1138 756 1179 circiter
787 1137 1049 1186 differentes,
1087 1147 1126 1176 et
1158 1136 1274 1176 variis
1322 1147 1576 1190 aegrotorum
1626 1137 1764 1179 usibus

391 1194 612 1236 inservisse.
644 1195 820 1238 Easdem
852 1195 958 1237 fama
997 1203 1056 1236 est
1090 1209 1112 1234 a
1143 1192 1399 1235 medentibus
1429 1196 1764 1236 Saternitanisiu-

390 1252 499 1293 vidia
536 1253 745 1310 dissipatas
773 1269 867 1296 esse.
905 1252 1064 1294 Videsis
1093 1266 1198 1308 quae
1230 1251 1404 1292 diximus
1435 1252 1502 1293 lib.
1536 1252 1606 1293 IV.
1639 1269 1671 1293 c.
1706 1262 1764 1304 4,

392 1311 464 1351 ubi
496 1326 583 1353 rem
614 1312 701 1353 fuse
733 1311 1008 1354 enarravimus
1027 1341 1040 1361 ,
1062 1319 1101 1349 et
1132 1308 1200 1350 ubi
1235 1308 1284 1350 de
1314 1311 1476 1364 singulis
1498 1311 1613 1366 aquis
1645 1310 1765 1352 verba

392 1368 560 1411 fecimus
591 1370 633 1411 in
672 1371 897 1412 Puteolano
929 1383 1026 1425 agro
1055 1366 1326 1409 existentibus.

510 1427 685 1469 Eaedem
705 1460 717 1482 ,
751 1443 909 1470 necnon
945 1438 985 1469 et
1018 1425 1160 1467 balnea
1192 1440 1214 1466 a
1245 1425 1476 1467 Sebastiano
1499 1425 1766 1467 Bartololoco

393 1484 517 1526 citato
547 1498 733 1528 accurate
765 1485 1076 1534 describuntur,
1109 1484 1178 1525 ubi
1212 1485 1442 1540 praesertim
1478 1484 1681 1527 mirandos
1714 1485 1766 1526 ef-

393 1543 522 1584 fectus
552 1544 602 1585 ab
635 1545 779 1587 iisdem
809 1545 1034 1602 productos
1068 1552 1212 1583 narrat.
1242 1545 1384 1584 Petrus
1416 1543 1619 1583 Antonius
1652 1543 1701 1583 de
1717 1547 1769 1585 A·

393 1603 553 1655 ragonia
566 1603 881 1660 Neapolitanum
899 1616 1065 1658 regnum
1085 1599 1370 1641 administrans
1386 1615 1492 1640 anno
1502 1600 1620 1641 MDC
1630 1601 1765 1643 LXVI

395 1673 469 1714 pro
504 1660 649 1702 carolo
682 1663 733 1704 ΙΙ.
766 1677 861 1702 cum
905 1661 985 1701 iam
1016 1673 1157 1715 aquam,
1190 1668 1227 1698 et
1261 1659 1478 1699 Puteolana
1511 1657 1653 1699 balnea
1684 1661 1767 1700 coi·

392 1716 568 1759 labentia
599 1719 985 1770 animadvertisset,
1022 1731 1126 1773 quae
1157 1716 1427 1757 Barbarorum
1450 1748 1462 1766 ‚
1484 1727 1522 1756 et
1553 1718 1673 1757 maris
1711 1732 1770 1758 ae-

393 1777 563 1819 stuantis
596 1792 714 1819 causa
744 1778 796 1819 ad
829 1792 923 1818 eum
956 1787 1106 1817 statum
1138 1774 1299 1816 fuerant
1332 1773 1515 1825 redacta,
1535 1790 1583 1815 ue
1605 1790 1762 1830 pessum

395 1833 582 1885 abirent,
614 1836 761 1877 iterum
803 1833 1069 1876 reviviscenda
1114 1834 1281 1875 curavit.
1329 1833 1435 1873 Hinc
1483 1847 1631 1889 paucos
1675 1844 1766 1887 post

398 1907 528 1934 annos
559 1894 788 1948 ingentibus
818 1893 1048 1949 sumptibus
1080 1907 1141 1934 res
1179 1892 1329 1932 isthaec
1368 1893 1547 1932 numeris
1578 1891 1766 1931 omnibus

398 1951 479 1990 fuit
507 1951 702 1994 absoluta.
739 1953 801 1994 Ne
834 1953 953 2006 igitur
992 1951 1098 1993 soret.
1129 1949 1334 2006 deperdita
1358 1979 1369 2000 ‚
1406 1949 1605 2005 epitaphia
1639 1960 1768 1989 erecta

399 2009 541 2062 fuere,
574 2027 751 2066 quorum
787 2026 916 2052 unum
948 2011 1001 2051 ad
1034 2008 1322 2065 Neapolitanae
1353 2018 1518 2064 cryptae
1547 2007 1768 2060 ingressum

400 2066 477 2106 suit
509 2071 698 2124 positum.
725 2070 809 2112 Sub
842 2068 972 2126 lapide
993 2067 1101 2109 aliud
1133 2067 1411 2122 longissimum
1446 2067 1604 2120 legitur,
1627 2065 1664 2104 iu
1687 2079 1771 2121 quo

400 2125 643 2168 Puteolanae
661 2139 698 2168 et
710 2131 884 2170 Baianae
899 2126 1147 2182 aquae,quin
1168 2136 1206 2165 et
1226 2127 1456 2180 praesertim
1477 2125 1642 2164 virtutes
1666 2138 1772 2178 prae·

401 2182 601 2227 dicantur.
623 2187 748 2228 Aliud
770 2187 1019 2245 epitaphium
1041 2194 1197 2242 prostat
1218 2193 1324 2225 extra
1347 2183 1535 2225 Puteolos
1553 2195 1661 2222 mare
1680 2193 1765 2222 ver*-
