1920 2579
1485 108 1541 145 9:

149 163 224 207 'del
253 159 382 204 Greco
429 156 480 200 ad
511 171 623 202 mare
668 154 828 198 dicitur·
858 153 1003 196 Paucis
1046 151 1194 194 abhinc
1228 150 1351 190 annis·
1384 146 1542 193 esifossa-

152 222 251 263 urbs
282 219 443 261 videtur
463 248 474 266 ,
506 231 629 273 quam
663 213 832 272 quidam
865 213 955 256 heic
986 221 1160 268 ponunt.
1195 210 1355 254 Verum
1404 209 1533 252 enim-

154 294 251 321 vero
292 277 335 320 id
381 276 586 320 affirmare
620 290 701 315 non
737 273 877 314 ausim.
910 273 1017 313 Nam
1067 285 1113 310 cx
1148 266 1341 308 aedificiis
1399 281 1530 324 usque

155 338 284 379 modo
331 334 553 378 eruderatis
610 332 753 375 Turris
784 330 960 370 Octavae
994 328 1137 369 urbem
1188 325 1359 383 potius,
1400 341 1527 381 quam

154 395 291 437 villam
326 409 407 437 esse
442 401 626 448 apparet·
659 390 739 432 Sed
771 388 862 446 quis
897 389 1062 432 interim
1096 385 1301 427 affirmare
1319 383 1360 424 id
1378 393 1528 427 temere

155 462 321 510 posset?
361 452 554 494 Fueritne
589 465 633 491 ea
665 449 796 499 urbs,
836 463 889 489 an
923 446 1092 487 alicuius
1132 444 1268 488 divitis
1300 440 1528 500 nobilisque

155 509 328 558 Romani
367 510 493 551 villa?
535 509 627 550 Hoc
657 509 698 548 in
732 506 860 548 dubio
898 520 993 549 sane
1031 514 1101 557 est.
1143 504 1258 559 ‚Nam
1289 516 1335 548 ex
1388 504 1527 557 paucis

154 583 285 627 usqne
311 567 438 611 modo
479 567 647 610 detectis
697 563 889 608 aedificiis
921 561 1159 618 ceteroquin
1196 563 1278 602 hoc
1328 560 1527 603 audenter

155 628 268 673 haud
297 627 375 669 diei
413 636 557 682 potest.
599 627 811 667 Praeterea
831 639 916 681 quo
946 621 1113 666 nomine
1137 618 1329 665 donanda
1347 620 1397 660 sit
1416 619 1531 663 Tho-2

159 700 221 736 ra,
242 696 385 727 utrum
415 699 466 725 an
496 683 701 733 atiud‚res
729 698 811 725 esse
829 679 1106 740 expendenda.
1122 680 1190 723 Ad
1209 677 1530 733 investigandam

162 759 258 785 vero
285 743 461 799 aliquam
497 741 642 782 urbem
665 772 677 791 ‚
713 754 872 782 necesse
918 749 1003 791 est,
1043 748 1088 779 ut
1120 737 1277 794 lapides
1300 769 1312 787 ‚
1364 747 1402 776 et
1454 738 1529 777 alia

161 799 573 856 reperiantur311inc
612 797 755 840 iisdem
785 798 957 839 inventis
992 809 1144 838 nomen
1185 794 1426 847 imponitur.
1476 796 1530 835 At

161 874 297 915 neque
332 869 485 899 statuae
505 888 520 909 ,
567 872 698 912 neque
731 855 884 911 lapides
918 870 1047 910 usque
1081 853 1215 893 adhuc
1247 851 1395 892 detecti
1417 866 1530 901 gama

162 917 332 969 biguum
362 915 485 968 igitur
517 929 648 955 omne·
681 916 778 966 Quo
818 927 914 953 vero
953 913 996 951 in
1030 911 1123 950 loco
1159 924 1204 950 ea
1238 909 1334 949 urbs
1373 923 1531 964 ponen-

161 973 255 1014 da?
288 973 329 1011 in
362 987 405 1011 ea
442 970 611 1011 forsitan
649 970 865 1010 vicinitate.
899 967 985 1010 Sub
1024 968 1239 1018 Vesuvio,
1276 977 1316 1006 et
1350 982 1529 1020 praeser=

158 1032 236 1072 tim
277 1043 362 1070 non
397 1029 539 1084 procul
573 1044 594 1068 a
629 1031 730 1069 mari
768 1028 967 1068 immensa
1015 1035 1201 1068 veterum
1241 1023 1529 1071 aedificiorum.

157 1087 304 1131 rudera
357 1086 431 1129 sub
478 1085 720 1129 Vesuvianis
744 1085 838 1143 ipsis
870 1085 997 1127 ruinis
1039 1093 1191 1125 restant
1224 1081 1337 1123 haud
1370 1082 1527 1128 effossa.

157 1149 223 1190 Ex
259 1146 373 1189 Flori
406 1144 570 1186 tandem
592 1177 604 1197 ‚
636 1145 893 1201 aliorumque
910 1144 1158 1200 scriptorum
1177 1140 1422 1185 testimoniis
1436 1152 1530 1183 ante

161 1204 287 1246 allatis
309 1236 321 1255 ,
359 1203 504 1249 urbem
542 1203 728 1245 Veserim
751 1235 762 1255 ‚
805 1203 1070 1260 Thoramque
1097 1200 1140 1243 in
1169 1200 1342 1245 Vesuvii
1380 1201 1535 1244 montis

159 1263 368 1309 ‚vicinitate
410 1262 585 1304 extitisse
615 1262 889 1305 certissimum
922 1272 995 1307 est.

222 1350 225 1351 ν
283 1322 418 1376 Prope
448 1321 554 1362 hanc
586 1321 667 1363 fuit
703 1322 777 1362 alia
799 1352 815 1374 ,
851 1320 966 1363 cuius
1004 1329 1168 1365 tantum
1201 1318 1308 1364 extat
1328 1321 1485 1365 mentio
1504 1321 1544 1364 in

165 1379 302 1422 tabula
334 1380 546 1422 Itineraria
577 1380 790 1425 Antonini,
827 1378 1017 1422 Gluerius
1046 1378 1135 1422 Ital.
1165 1390 1248 1424 ant.
1282 1378 1351 1421 lib.
1385 1380 1458 1421 IV.
1509 1397 1544 1425 c.

164 1441 190 1480 5
228 1438 466 1494 opulentos
498 1438 770 1481 scribendum
802 1448 950 1481 censet.
980 1436 1131 1479 Nullus
1166 1448 1308 1482 auctor
1341 1447 1400 1481 est
1419 1470 1434 1490 ,
1471 1441 1545 1496 qui

159 1497 284 1542 liuius
316 1497 410 1539 facit
443 1497 703 1539 mentionem
736 1512 869 1553 neque
901 1512 948 1538 ex
985 1496 1192 1554 antiquiS,
1232 1511 1366 1554 neque
1410 1512 1456 1539 ex
1487 1514 1546 1540 re·

161 1554 362 1601 centibus·
402 1556 517 1597 ldem
547 1566 693 1597 auctor
738 1566 848 1597 recte
897 1565 1086 1598 autumat
1132 1555 1286 1598 Stabias
1329 1555 1461 1609 inter,
1507 1568 1547 1598 et

159 1613 462 1659 Herculaneum
495 1613 732 1669 ponendum
763 1615 842 1656 hoc
868 1614 1038 1672 opidum
1060 1645 1072 1667 ,
1123 1612 1250 1673 idque
1290 1628 1407 1657 nune
1462 1629 1544 1656 esse

163 1673 209 1737 lq
243 1672 380 1713 Terre
430 1673 854 1728 dell'Annunziata3
894 1688 1038 1717 verum
1068 1670 1240 1730 opidum
1269 1680 1411 1717 utrum
1431 1703 1443 1726 ‚
1488 1682 1543 1719 nn

163 1742 275 1771 vicus
298 1760 311 1778 ‚
345 1732 560 1773 incertum.

289 1788 398 1828 Inter
434 1789 530 1829 alias
550 1789 692 1831 incerti
708 1790 808 1830 situs
839 1790 961 1831 urbes
984 1799 1237 1831 memoratur
1256 1787 1423 1841 Caedia,
1441 1803 1545 1845 quae

173 1845 311 1900 potius
348 1846 458 1889 vicus
497 1857 581 1888 erat
605 1848 646 1887 in
678 1862 824 1903 campo
856 1848 1041 1889 Falerno.
1077 1846 1177 1889 Non
1224 1847 1372 1902 procul
1419 1847 1544 1889 fuisse

164 1901 343 1945 creditur
374 1920 396 1945 a
424 1906 583 1961 Campo
624 1906 808 1947 Caeditio
847 1906 947 1947 circa
991 1907 1096 1946 viam
1131 1905 1339 1962 Appiam,
1373 1915 1411 1946 et
1433 1906 1542 1948 ineo

162 1959 349 2015 publicae
379 1977 586 2018 cauponae
619 1963 787 2006 nomine
823 1963 1028 2006 Caeditiae
1061 1963 1273 2012 Tabernae
1293 1996 1307 2016 ,
1354 1978 1469 2007 nunc
1501 1967 1545 2006 la

170 2015 304 2061 Tot-re
335 2021 578 2075 de’Bagni,
608 2025 749 2063 Festus
781 2021 832 2064 de
864 2022 991 2066 Verb·
1023 2023 1135 2077 Sign-
1169 2021 1220 2064 de
1259 2023 1368 2067 hisee
1399 2023 1455 2064 sic
1490 2024 1544 2067 lo-

164 2077 340 2131 quitur-3
377 2079 580 2124 Caeditiae
618 2081 823 2123 Tabernae
859 2084 900 2123 in
927 2083 985 2124 via
1019 2081 1154 2139 Appia
1184 2098 1210 2123 a
1246 2082 1397 2142 doxgini
1425 2083 1548 2125 nomio

165 2147 408 2200 neyocatae
436 2149 537 2182 sunt.
572 2143 628 2182 At
665 2139 925 2195 Pellegrinius
957 2140 1061 2182 disc.
1093 2141 1144 2183 Il.
1179 2150 1253 2182 ant.
1293 2139 1342 2185 1³³0
1378 2138 1541 2184 desum-

166 2208 299 2248 psisse
340 2211 489 2240 nomen
526 2212 608 2240 non
641 2214 664 2240 a
695 2198 868 2241 domino
899 2200 1061 2254 credit,
1091 2198 1161 2242 sed
1191 2198 1360 2251 fortasse
1376 2198 1426 2242 ab
1446 2199 1546 2243 urbe

173 2251 304 2295 Vicina
322 2286 337 2308 ,
371 2258 435 2301 vel
465 2257 555 2302 vieo
586 2257 733 2302 Caedia
767 2257 892 2302 dictas
928 2259 1112 2305 tabernas
1144 2257 1277 2303 fuisse.

1162 2319 1187 2343 θ

1583 1323 1719 1359 Οξωὶεῆὴ,Ἰ

1582 1801 1721 1833 Tabernae

1584 1838 1729 1869 Caed'itiae.
