1920 2579
351 112 406 156 50

351 187 440 214 rum
475 169 595 213 villae
631 170 738 228 apud
763 177 960 228 'utrasque
1002 171 1120 214 urbes
1158 183 1318 228 essent,
1354 173 1420 218 via
1439 172 1595 216 isshaec
1619 187 1732 230 aper·

353 242 390 273 ta
425 245 495 283 per
527 230 697 270 collium
731 229 899 272 viscera.
933 230 1181 274 Cubiculum
1217 248 1312 276 vero
1337 230 1449 290 quod
1472 232 1623 289 vulgus
1644 233 1730 273 Cu-

342 304 486 330 manae
529 287 673 329 tribuit
709 288 921 343 Sibyllae,
962 289 1153 332 balneum
1188 292 1376 334 Romano
1417 291 1541 333 alicui
1591 290 1738 331 fortas-

343 363 382 390 se
415 347 559 396 diviti,
597 346 659 386 vel
690 347 809 387 eiiam
845 347 1007 403 publico
1037 349 1124 390 usui
1157 349 1368 391 addictum
1402 349 1590 390 arbitror.
1626 350 1734 405 Cry-

344 417 409 462 pta
443 415 579 444 autem
611 406 696 461 ipsa
730 420 808 446 non
842 405 1046 462 amplius,
1083 424 1206 463 quam
1242 424 1379 465 passus
1428 406 1551 449 CCC.
1603 416 1734 447 exten-

344 464 454 530 ditur
490 478 606 530 muro
640 462 845 505 obducta:
879 464 991 521 quod
1023 465 1225 523 reliquum
1259 481 1370 509 nuuc
1401 476 1547 518 restat,
1582 465 1731 520 imper-

347 537 458 563 vnum
494 536 662 562 ommno
694 533 764 562 est.

466 579 521 620 Et
552 580 744 635 quoniam
778 596 909 621 sermo
941 580 991 621 (le
1025 582 1177 637 Sibylla
1199 614 1211 632 ‚
1245 583 1332 623 heic
1364 580 1518 637 aliquid
1553 580 1605 622 de
1651 578 1735 621 Cu-

350 654 459 682 maea
480 669 494 689 ,
533 639 663 693 deque
696 640 835 679 ceteris
867 653 1001 679 sermo
1034 642 1120 680 erit.
1157 641 1296 681 Plures
1331 656 1395 681 eas
1430 639 1551 680 fuisse
1570 649 1736 678 narrant

350 708 502 738 veteres
533 708 727 737 auctores.
762 697 828 737 Ad
863 696 1003 737 decem
1035 712 1101 738 eae
1130 697 1393 739 deducuntur
1417 728 1429 747 ,
1461 697 1609 737 scilicet
1647 695 1740 736 Del-

352 757 503 813 phica,
557 754 784 811 Erythraea
811 786 826 805 ,
879 754 1058 796 Cumaea
1096 787 1108 805 ‚
1156 756 1320 810 Samia,
1371 754 1693 811 Hellespontiaca
1718 784 1733 804 ,

353 814 542 868 Libyca,
582 813 767 863 Persica,
804 813 1011 869 Phrygia,
1051 812 1300 865 Tiburtina,
1345 825 1384 856 et
1425 814 1624 854 Cumana.
1673 812 1741 852 Ab

354 874 536 927 Cumaea¹
566 885 661 913 vero
695 882 827 912 nostra
859 881 945 911 toto
980 871 1118 912 differt
1150 874 1263 914 coelo
1296 873 1502 921 Cumana,
1535 885 1639 927 quae
1655 871 1743 912 Cu-

355 933 429 971 mis
462 931 500 970 in
532 928 693 974 AEolide
725 930 802 969 fuit
833 929 1015 973 oriunda.
1051 931 1168 972 Hanc
1202 933 1437 973 Lactantius
1475 929 1550 970 lib.
1580 929 1612 968 Ι.
1647 943 1681 969 c.
1716 928 1740 965 6

352 990 526 1044 septimo
560 988 673 1044 pouit
705 990 792 1030 loco
812 1020 825 1039 ,
862 987 911 1027 de
943 1002 1023 1043 qua
1055 990 1111 1029 sic
1142 1005 1370 1031 sermonem
1405 987 1581 1030 instituit
1611 1002 1619 1026 :
1666 986 1745 1030 Se-¹

347 1053 529 1103 ptimam
566 1046 805 1087 Cumanam
839 1048 1014 1087 nomine
1044 1046 1359 1099 Amaltheam,
1397 1062 1509 1104 quae
1538 1046 1591 1085 ab
1643 1044 1747 1084 aliis

352 1106 613 1161 Demophile
635 1135 647 1153 ,
678 1106 754 1145 vel
782 1105 1022 1157 Heroplzile
1053 1107 1329 1159 nominatur-3
1363 1119 1547 1162 eamque
1582 1116 1746 1143 novem

353 1165 485 1205 libros
517 1164 708 1204 attulisse
740 1162 800 1203 ad
831 1177 977 1218 regem
1014 1164 1293 1219 Tarquinium
1329 1165 1550 1211 Priscum,
1583 1175 1638 1200 ac
1654 1175 1743 1214 pro

355 1225 416 1265 eis
449 1231 658 1263 trecentos
683 1222 908 1277 philippos
932 1224 1193 1274 postulasse.
1230 1222 1338 1262 Nota
1372 1222 1523 1262 isthaec
1569 1218 1748 1273 Tarqui-

354 1284 408 1323 nii
444 1279 651 1323 historiola
672 1312 684 1330 ,
715 1279 765 1320 ad
798 1294 920 1336 quem
953 1294 1049 1320 cum
1081 1279 1192 1321 libris
1226 1279 1369 1321 adiisse
1393 1279 1540 1326 fertur,
1565 1290 1750 1332 quorum

356 1341 714 1382 nonnullicoram
748 1354 838 1391 rege
871 1352 945 1392 pro
999 1339 1128 1392 pretio
1177 1349 1271 1379 sunt
1319 1337 1534 1381 combusti.
1593 1332 1752 1374 Eadem

358 1410 497 1440 narrat
529 1398 752 1452 Dionysius
783 1395 851 1436 lib.
867 1398 918 1437 X.
951 1395 1114 1437 Solinus
1150 1396 1345 1452 Polyhist.
1379 1410 1416 1436 c.
1453 1410 1474 1436 2
1509 1391 1666 1436 Gellius
1680 1389 1754 1432 lib.

358 1459 388 1500 I.
423 1473 455 1499 c.
497 1474 544 1512 19
577 1455 737 1512 aliique.

477 1518 532 1558 At
563 1515 637 1555 alia
671 1513 822 1571 Sibylla
856 1514 877 1569 ζ
909 1513 957 1554 de
990 1527 1070 1569 qua
1104 1512 1193 1552 heic
1225 1526 1360 1553 sermo
1391 1512 1409 1564 )
1445 1511 1625 1552 Cumaea
1676 1506 1754 1546 fuit

361 1576 529 1617 salutata
554 1606 565 1624 ,
596 1590 617 1614 a
649 1575 775 1614 vicina
812 1574 910 1614 urbe
942 1571 1096 1613 Cumis.
1130 1572 1246 1610 Hanc
1276 1569 1468 1610 Gallaeus
1503 1566 1570 1607 lib.
1605 1567 1638 1605 l.
1673 1580 1706 1606 e.
1728 1565 1753 1605 5

361 1635 619 1676 Erithraeam
652 1643 798 1683 vocat,
837 1644 1021 1687 quaeque
1052 1627 1173 1669 etiam
1203 1628 1427 1670 cimmeria
1457 1640 1479 1666 a
1516 1623 1661 1665 vicinis
1707 1623 1757 1663 il-

364 1694 411 1734 lis
443 1692 632 1748 gentibus
666 1691 743 1731 fuit
776 1690 894 1730 dicta.
926 1686 1158 1729 Lactantius
1192 1686 1312 1727 huius
1343 1684 1531 1728 meminit
1564 1682 1655 1724 loco
1706 1682 1759 1722 ci-

363 1763 480 1803 tato,
515 1762 552 1791 et
587 1748 826 1792 Aristoteles
858 1748 908 1787 de
940 1745 1115 1788 Mirabil.
1164 1744 1309 1786 scribit
1356 1760 1426 1785 sua
1457 1743 1578 1784 etiam
1628 1751 1761 1781 aetate

364 1812 500 1852 adhuc
532 1809 689 1851 ostendi
724 1807 892 1858 locum,
926 1804 994 1845 ubi
1028 1803 1240 1859 quoodam
1292 1802 1546 1850 incoluerat,
1593 1809 1632 1840 et
1681 1799 1760 1838 hoc

369 1870 680 1911 subterraneum
730 1864 920 1906 conclave
968 1862 1125 1904 ἓαλαμον
1153 1862 1331 1904 κατάγεῒον
1382 1861 1540 1909 fuisse,
1591 1870 1761 1911 eamque

368 1929 562 1983 virginem
598 1925 872 1982 permansisse.
906 1922 1025 1963 Hanc
1057 1923 1178 1963 etiam
1208 1930 1410 1963 memorat
1441 1920 1493 1960 D.
1518 1916 1698 1958 Iustinus
1718 1914 1761 1954 iu

371 1989 488 2028 Orat.
523 1987 730 2026 paraenet.
757 1982 806 2023 ad
836 1981 1030 2023 Graecos.
1061 1981 1277 2022 Petronius
1311 1977 1483 2032 Satyric.
1521 1990 1554 2015 c.
1588 1975 1642 2025 48
1668 1972 1765 2016 Tri-

372 2044 646 2086 malchionem
678 2052 815 2083 narrat
847 2038 1021 2093 Sibyllae
1053 2039 1204 2080 cineres
1238 2037 1381 2079 vidisse
1415 2037 1455 2076 in
1489 2032 1683 2087 ampulla.
1705 2029 1769 2070 Ea

374 2114 510 2143 autem
544 2101 723 2156 ampulla
753 2098 856 2141 nihil
887 2096 997 2138 aliud
1029 2096 1136 2148 fuit,
1172 2112 1296 2154 quam
1328 2094 1467 2145 (hands,
1515 2091 1611 2131 lens
1663 2089 1766 2144 ipsa-¹

378 2171 460 2201 met
490 2176 510 2199 a
544 2162 583 2201 S.
616 2161 771 2202 Iustino
803 2156 1042 2208 adservata,
1079 2156 1150 2212 qui
1183 2155 1340 2196 circiter
1372 2164 1534 2192 annum
1567 2157 1659 2203 post
1693 2161 1765 2211 ua-

378 2230 469 2259 tum
502 2219 714 2260 Christum
744 2214 950 2259 CXXXV.
985 2229 1027 2255 ea
1076 2216 1165 2255 loca
1210 2206 1580 2271 peragravit.-Nisi
1632 2214 1769 2260 potius

385 2288 576 2334 putamus
608 2292 703 2320 cum
733 2274 964 2318 doctissimo
993 2273 1230 2316 Burmanno
1261 2273 1303 2313 in
1337 2269 1459 2311 huius
1489 2264 1669 2309 Petronii
1700 2263 1764 2309 i02

116 574 213 610 Sibylla
223 574 344 603 Cumaea.

1747 2398 1759 2414 Δ
