1920 2579
325 115 405 165 234

319 185 426 213 nera
453 182 665 225 corpore,
702 180 758 209 ae
786 165 985 225 plerique
1034 163 1298 220 iiber-orum,
1337 174 1414 211 arc!
1445 174 1681 223 parentum

319 239 475 272 mortes
504 227 731 284 deflebant.

436 290 529 330 Hoc
559 295 697 328 autem
730 284 953 327 maximum
990 282 1223 326 aedificium
1252 284 1332 326 fuit
1363 284 1415 326 ad
1432 285 1688 327 ortivumin-

320 361 381 392 tra
416 348 559 390 urbem
598 342 744 402 procul
770 360 793 386 a
827 343 1038 402 descriptis
1070 357 1180 385 nunc
1211 342 1410 385 Theatris·
1470 343 1684 386 Effossum

324 407 401 450 fuit
431 421 537 448 anno
571 402 809 448 MDCCLI.
857 415 896 445 et
928 402 1049 461 paulo
1077 411 1171 458 post
1208 417 1348 444 rursus
1395 403 1688 459 aggestionibus

326 467 521 511 obrutum
546 481 556 505 e
591 478 703 505 nunc
728 477 823 506 vero
852 462 1002 505 iterum
1036 459 1296 504 eruderatum
1313 461 1518 518 integrum·
1534 462 1612 503 fuit
1625 475 1693 501 an-

327 541 382 568 no
413 518 736 568 MDCCCXIII·
787 521 1013 575 Quodnam
1049 519 1372 575 magnificentiae
1411 534 1516 577 opus
1556 530 1693 560 nostra

327 592 566 639 tempestate
595 581 675 623 hoc
707 581 932 623 maximum
951 577 1183 622 aedificium
1205 578 1509 621 advenientium
1528 577 1692 620 exhibet

329 641 483 684 oculis!
513 643 606 684 Hoc
638 655 770 681 unum
804 641 949 697 procul
981 637 1109 683 dubio
1138 638 1216 686 erit
1246 637 1529 694 spectandum,
1546 638 1587 678 in
1606 651 1691 693 quo

331 701 431 744 olim
464 698 702 757 Pompeiani
731 699 838 743 cives
870 712 968 739 cum
999 696 1216 737 Nucerinis
1251 696 1303 738 ob
1328 694 1565 750 gladiatorIa
1601 710 1697 750 spe-

332 758 486 800 ctacula
525 757 715 799 conviciis
744 756 959 812 primum,
994 753 1144 796 deinde
1179 754 1279 795 saxis
1319 753 1497 796 vicissim
1514 767 1698 811 pugnam

334 817 528 860 caedibus
558 814 764 861 foedatam
799 813 994 857 inierunt.

451 875 499 916 In
534 872 736 931 superiori
767 872 1073 930 Amphitheatri
1103 880 1226 928 parte
1256 871 1455 914 foramina
1473 880 1630 929 reperta
1651 871 1703 913 ad

336 935 464 979 malos
495 931 777 976 immittendos
807 932 961 985 integra
993 940 1089 971 sunt
1120 942 1291 986 reperta·
1336 931 1449 972 Velis
1494 945 1541 971 ac
1587 930 1702 973 malis

334 992 577 1049 ⁴Pompeiani
608 991 712 1032 cives
743 989 783 1029 in
817 989 996 1031 Theatro
1018 1020 1032 1039 ,
1081 996 1120 1030 et
1165 987 1480 1045 Amphitheatro
1528 990 1705 1032 maxime

334 1051 572 1094 utebantur.
603 1049 651 1091 Id
682 1063 806 1091 omne
835 1063 911 1090 nos
942 1047 1113 1089 edocent
1145 1061 1226 1087 non
1273 1046 1406 1090 solum
1450 1062 1497 1089 ea
1547 1056 1706 1102 reperta

334 1111 534 1154 foramina
557 1140 569 1160 ,
603 1123 747 1150 verum
780 1108 904 1149 etiam
934 1106 1095 1165 publica
1126 1104 1287 1146 decreta
1319 1105 1449 1147 rubro
1481 1103 1621 1147 colore
1636 1104 1707 1146 de·-

333 1180 442 1211 tecta
473 1184 605 1224 supra<
628 1166 845 1225 parietinas
869 1198 880 1218 ,
913 1166 954 1206 in
987 1164 1140 1221 quibus
1173 1162 1352 1205 occurrit
1381 1163 1539 1206 mentio
1571 1161 1623 1204 de
1655 1164 1702 1206 G,

332 1228 496 1287 Popidii
528 1225 654 1279 Rufi,
687 1235 726 1267 et
757 1223 808 1266 de
841 1227 893 1266 N.
928 1223 1037 1265 Festi
1071 1221 1272 1279 Ampliati
1320 1221 1471 1264 familia
1515 1221 1712 1277 gladiato--¹

332 1287 426 1340 ria,
462 1301 567 1344 quae
598 1299 780 1343 pugnare
811 1283 962 1325 iterum
993 1282 1036 1326 in
1055 1281 1374 1340 Amphitheatro
1397 1278 1570 1326 debebat
1586 1281 1706 1326 XVL

332 1344 427 1387 Kal.
462 1345 608 1387 Iunias.

453 1404 590 1446 Huius
622 1401 932 1459 Amphitheatri
963 1401 1136 1445 exterior
1166 1415 1260 1457 pars
1285 1400 1450 1442 nullam
1493 1397 1716 1456 praesefert

337 1464 605 1518 elegantiam,
655 1472 797 1517 estque
826 1461 989 1519 penitus
1020 1459 1214 1502 differens
1246 1474 1266 1498 a
1298 1458 1540 1513 Campano,
1575 1467 1612 1498 et
1630 1459 1712 1498 Pu-

337 1523 503 1564 teolano
535 1553 554 1573 ,
624 1535 807 1577 quorum
849 1519 984 1561 adhuc
1042 1518 1279 1571 elegantiam
1328 1516 1582 1558 admirantur
1632 1530 1721 1556 om—

339 1595 424 1622 mes.
458 1579 631 1621 Interior
652 1592 749 1620 vero
767 1593 859 1633 pars
880 1579 974 1619 satis
987 1575 1329 1630 magnificentiam
1345 1573 1538 1616 ostendit.
1560 1576 1715 1626 Quam·

343 1640 403 1682 vis
437 1639 516 1680 hoc
549 1635 784 1678 aedificium
813 1652 834 1676 a
865 1643 1115 1682 terraemotu
1150 1633 1244 1673 anni
1275 1630 1425 1673 LXIII.
1459 1630 1586 1672 fuerit
1607 1645 1715 1671 ever-

343 1713 434 1739 sum
452 1728 467 1748 ,
502 1705 638 1737 tamen
670 1704 761 1749 post
792 1693 870 1735 hoc
902 1703 1065 1748 tempus
1089 1691 1174 1732 'iam
1209 1688 1458 1731 reaedificari
1479 1688 1713 1744 incipiebat,

344 1767 384 1798 et
415 1757 620 1809 integrum
651 1767 761 1792 nunc
794 1761 929 1793 restat.
963 1751 1026 1793 Ex
1059 1749 1321 1805 inscriptione
1354 1756 1512 1802 reperta
1543 1746 1594 1787 ad
1615 1748 1715 1788 Am-

346 1812 567 1872 phitheatri
596 1812 718 1853 huius
751 1811 975 1865 ingressum
994 1840 1005 1862 ,
1038 1809 1228 1850 certiores
1259 1806 1354 1848 facti
1386 1820 1526 1847 sumus
1544 1808 1646 1848 Pom
1680 1820 1718 1846 e-

347 1875 460 1916 ianos
491 1882 669 1913 statuam
701 1869 854 1926 Cuspio
886 1871 1038 1910 Pansae
1069 1865 1258 1916 Pontifici
1289 1864 1516 1917 dedicasse,
1549 1864 1619 1920 qui
1681 1878 1717 1904 e-

348 1933 567 1974 curionum
598 1929 761 1970 decreto
793 1927 844 1969 ad
874 1927 969 1982 legis
1000 1924 1478 1979 Petroniae-vigilantiam
1495 1922 1716 1965 destinatus

351 1990 495 2033 suerat.
527 1989 587 2030 Ea
624 1989 684 2029 lex
717 1988 881 2029 Nerone
912 1986 1138 2042 imperante
1169 1983 1249 2024 fuit
1280 1983 1357 2024 lata
1376 2013 1393 2033 ,
1428 1996 1533 2037 quae
1581 1980 1717 2022 domi·

351 2049 411 2090 nis
445 2046 632 2097 vetabat,
667 2056 712 2086 ut
739 2044 945 2101 mancipia
976 2057 1072 2087 cum
1104 2040 1409 2097 gladiatoribus,
1442 2050 1481 2080 et
1499 2038 1634 2082 bestiis
1651 2038 1725 2079 de·

353 2116 567 2148 certarent.
599 2103 806 2148 Credibile
838 2102 933 2144 hinc
964 2111 1022 2143 est
1052 2100 1128 2143 sub
1157 2100 1331 2141 huJusce
1362 2102 1513 2142 Pansae
1564 2098 1724 2139 Duum-

353 2165 482 2206 viratu
514 2162 627 2205 haud
660 2163 835 2219 amplius
866 2160 969 2203 feras
998 2175 1093 2202 cum
1126 2158 1364 2201 hominibus
1386 2190 1401 2211 ,
1437 2156 1505 2199 sed
1522 2172 1618 2200 cum
1637 2155 1723 2196 aliis

356 2223 451 2265 feris
483 2237 692 2280 pugnasse.
725 2223 785 2264 Re
814 2235 908 2262 sane
941 2235 1035 2261 vera
1083 2218 1159 2261 sub
1204 2217 1373 2260 huiusce
1421 2214 1722 2273 Amphitheatri

355 2281 480 2384 potilio
511 2281 645 2382 asshuc
676 2281 808 2338 pictae
838 2280 1026 2322 visuntur
1059 2276 1294 2322 huiusmodi
1340 2276 1570 2321 venationes
1616 2274 1720 2314 inter

357 2355 419 2382 eas
454 2355 518 2383 em
567 2355 661 2383 eras„
