1920 2579
123 399 290 428 Pandatatia.

323 171 414 209 sinu
447 168 639 211 Caietano
671 169 824 226 aliquid
854 170 1071 228 appingere
1120 184 1203 213 non
1234 171 1302 213 abs
1353 185 1394 211 re
1438 168 1524 210 erit.
1558 166 1697 210 Plures

324 236 423 268 sunt
455 228 649 280 eaedem,
688 243 792 286 quae
822 231 1032 286 quondam
1065 231 1187 278 etiam
1216 231 1266 272 ad
1298 230 1565 284 Campaniam
1582 235 1699 286 perti-

323 298 534 338 nuerunt3
567 287 804 330 celebriores
835 299 932 330 sunt
964 290 1232 343 Pandataria,
1267 289 1434 339 Pontia,
1473 288 1697 345 Palmaria,

325 353 366 384 et
397 343 574 387 Sinonia.
608 346 669 389 De
700 348 807 388 hisce
838 350 986 404 raptim
1017 362 1162 392 sermo.

441 405 629 446 Primum
660 407 836 447 occurrit
868 407 1108 449 Pandataria
1140 405 1266 447 insula
1291 435 1305 455 ,
1342 406 1465 461 vulgo
1487 407 1698 453 Ventotie-

315 476 397 511 ne,
432 477 536 519 quae
568 478 588 502 a
623 465 761 507 Pontia
796 464 915 507 distat
933 464 1242 523 quatuordecim
1266 463 1461 507 milliaria.
1479 467 1595 509 Hanc
1611 470 1693 524 pri-

314 534 433 562 mum
466 521 640 564 Volscos
674 539 918 579 occupasse,
952 535 1173 582 posteaque
1205 521 1415 565 Romanos
1447 540 1583 567 rerum
1629 528 1696 569 do-

314 579 447 620 minos
481 581 680 623 coloniam
712 581 924 625 deduxisse
957 592 1129 624 testatur
1162 581 1301 623 Livius
1334 581 1401 623 lib.
1438 585 1491 624 V.
1542 585 1694 627 Hodie-

315 638 419 683 dum
449 637 547 680 haee
580 640 683 682 male
712 640 880 697 perditis
913 640 1151 684 hominibus
1183 648 1241 682 est
1274 642 1574 696 receptaculum
1596 675 1610 693 ‚
1659 655 1698 686 et

313 697 420 738 hanc
451 697 504 738 ob
537 698 736 741 rationem
763 697 943 751 deserta,
979 710 1018 740 et
1050 699 1213 740 sterilis.
1247 696 1352 737 Sunt
1382 699 1454 753 qni
1496 701 1697 742 arbitran-

311 764 412 809 tur,
446 754 618 799 eandem
649 756 929 798 Romanorum
962 770 1061 798 aevo
1092 755 1292 796 celebrem
1331 755 1503 796 evasisse
1529 772 1538 796 z
1587 759 1700 799 ideo-

311 822 393 868 que
425 812 560 869 aliqua
591 813 871 858 aedificiorum
905 823 1060 855 vetusta
1093 813 1240 856 rudera
1272 810 1313 852 in
1346 813 1591 869 quibusdam
1635 817 1697 857 in·

310 869 421 911 sulae
451 871 548 913 locis
583 881 921 914 commonstrant.
954 874 1066 914 Haec
1098 871 1379 913 administrata
1412 872 1491 913 fuit
1523 888 1545 913 a
1599 889 1704 931 quo-

311 927 406 971 dam
439 930 646 972 Metrobio
668 960 680 980 ‚
713 940 751 970 et
782 930 1036 984 praefectura
1067 931 1212 982 evasit,
1245 941 1284 970 et
1303 941 1432 970 statua
1457 931 1588 972 eidem
1609 933 1691 974 colo

308 987 438 1028 locata
458 1020 471 1040 ,
503 998 550 1029 ut
578 999 737 1029 constat
766 1001 812 1029 ex
843 988 1023 1046 quodam
1055 986 1188 1045 lapide
1219 986 1371 1030 ibidem
1405 1000 1579 1046 reperto.
1611 991 1690 1033 Re-

310 1055 419 1087 stant
450 1046 586 1088 adhuc
617 1045 735 1101 plura
766 1047 842 1088 alia
875 1048 1086 1091 vetustatis
1119 1056 1407 1097 monumenta,
1441 1058 1478 1086 et
1500 1046 1689 1104 pleraque

309 1103 460 1146 rudera
483 1138 496 1157 ,
529 1116 576 1146 ut
607 1104 782 1156 balnea,
816 1104 989 1158 domus,
1023 1115 1062 1146 et
1094 1103 1294 1161 templum
1316 1135 1328 1155 ,
1364 1104 1477 1162 quod
1511 1104 1594 1145 Iovi
1626 1106 1683 1147 di.

310 1173 448 1208 catum
484 1165 650 1205 fortasse
681 1163 772 1204 suit.

428 1221 568 1266 Evasit
602 1222 747 1263 nobilis
781 1222 921 1265 eadem
954 1222 1082 1265 insula
1112 1221 1166 1264 ob
1186 1221 1450 1278 quorundam
1471 1221 1690 1265 illustrium

311 1281 496 1324 virorum
527 1279 722 1323 exilium:
775 1283 985 1338 Augustus
1028 1280 1136 1322 enim
1167 1279 1224 1321 ibi
1257 1279 1383 1324 filiam
1420 1281 1598 1334 Iuliam,
1650 1293 1690 1324 et

309 1349 476 1394 neptem
509 1338 697 1393 relegavit
731 1339 798 1395 (1)
823 1373 841 1395 ,
869 1350 997 1398 utque
1030 1340 1071 1381 in
1104 1339 1214 1382 bona
1246 1350 1375 1381 essent
1397 1339 1579 1380 custodia
1598 1354 1688 1382 om-

310 1399 353 1436 ni
386 1409 533 1440 conatu
567 1398 707 1440 enixus
741 1408 815 1448 est,
848 1399 909 1439 uti
942 1399 1106 1440 Tacitus
1138 1406 1274 1441 narrat
1305 1398 1456 1440 Annal.
1487 1397 1559 1438 lib.
1589 1399 1620 1442 Ι.
1655 1414 1692 1441 c.

312 1458 379 1498 53.
414 1456 461 1496 Id
492 1455 631 1513 prodit
663 1457 783 1499 etiam
817 1456 1054 1500 Paterculus
1085 1457 1153 1499 lib.
1187 1456 1238 1499 II.
1271 1472 1305 1498 c.
1358 1470 1447 1499 100.
1505 1456 1695 1499 Tiberius

309 1516 350 1554 in
385 1514 554 1557 eandem
588 1515 762 1559 insulam
794 1530 948 1559 nurum
982 1515 1251 1573 Agrippinam
1284 1525 1374 1570 post
1409 1515 1484 1556 viri
1530 1514 1692 1557 obitum

311 1573 428 1614 exilio
460 1575 673 1624 multavit,
706 1591 810 1631 quae
842 1586 936 1632 post
982 1574 1108 1629 flagra
1157 1583 1313 1628 septem
1354 1572 1516 1615 dierum
1564 1573 1697 1616 inedia

313 1632 492 1673 decessit.
528 1633 638 1674 Nero
672 1633 865 1675 Octaviae
898 1634 1033 1673 uxoris
1064 1629 1401 1672 consuetudinem
1435 1641 1695 1686 aspernatus,

313 1700 360 1730 ut.
393 1691 568 1731 sterilem
604 1689 791 1742 dimisit,
825 1700 871 1733 ut
901 1690 1011 1731 idem
1043 1689 1181 1746 prodit
1212 1688 1377 1729 Tacitus
1414 1689 1561 1731 Annal.
1620 1690 1692 1734 lib.

311 1748 430 1788 XIV.
464 1765 498 1791 c.
537 1755 600 1792 63.
636 1752 797 1793 Praeter
830 1749 1013 1792 laudatos
1046 1749 1154 1789 viros
1185 1762 1230 1787 ae
1263 1747 1451 1788 muiieres
1471 1748 1579 1789 nobi-l
1595 1762 1634 1790 es
1656 1751 1697 1791 in

315 1808 484 1849 eandem
518 1807 692 1849 insulam
726 1823 747 1849 e
779 1807 1019 1849 Christianis
1051 1806 1260 1862 perplures
1291 1805 1333 1846 in
1375 1805 1541 1847 exilium
1601 1819 1696 1849 sunt

424 2030 483 2080 (1)
510 2030 646 2065 Verum
677 2030 860 2065 enimvero
891 2040 935 2063 ne
963 2027 997 2061 in
1027 2024 1256 2062 mendacium
1291 2025 1495 2062 incidamus
1517 2053 1528 2070 ,
1570 2026 1694 2065 dicen-

325 2083 414 2118 dum
441 2083 645 2130 Augustum
673 2079 926 2127 Imperatorem
953 2078 1062 2112 etiam
1090 2075 1194 2111 exilio
1229 2076 1395 2111 multasse
1424 2085 1564 2124 neptem
1587 2079 1691 2114 inin-

322 2133 440 2167 sulam
469 2121 698 2174 Trimerum,
729 2128 881 2164 Tremiti
898 2156 908 2172 ,
936 2126 1031 2176 quod
1062 2126 1242 2175 impudice
1269 2127 1420 2161 viveret.
1438 2127 1563 2174 anue
1583 2128 1692 2165 etiam

323 2182 391 2218 sub
418 2181 533 2216 Iuliae
562 2179 704 2216 nomine
730 2179 850 2223 venit,
878 2177 940 2213 sed
968 2177 1167 2226 neptisset
1194 2190 1266 2213 non
1296 2176 1354 2212 illa
1383 2177 1450 2211 alia
1479 2176 1570 2211 Iulia
1589 2191 1695 2227 supra

325 2241 517 2268 memorata
537 2259 546 2274 ,
578 2237 612 2266 et
639 2231 675 2264 in
704 2229 961 2268 Pandatariam
988 2227 1155 2277 relegata.
1179 2225 1221 2263 Id
1241 2239 1349 2265 omne
1364 2227 1543 2264 exTacito
1561 2229 1693 2268 Annai.

325 2281 387 2319 lib.
414 2281 480 2326 IV,
508 2295 536 2319 c.
568 2289 607 2325 17
639 2279 765 2330 liquet,
