1920 2579
299 185 673 261 LIBER
721 183 1327 278 QUARTUS.

445 345 503 387 IN
537 344 747 388 AGRUM
776 345 1189 389 PUTEOLANUM

575 460 1053 509 AN'RELOQUIUM.
1089 448 1091 454 ’

646 589 991 620 *vm*

135 743 253 817 AD
283 774 639 816 amoenissimum
674 773 894 831 quondam
933 774 1198 831 Campaniae
1229 776 1394 820 Felicis
1438 790 1513 820 an->

127 839 279 894 gulam
312 833 642 875 describendum
677 832 941 876 accedimus.
974 835 1202 877 Hactenus
1225 846 1392 878 ceteras
1415 838 1513 878 Ter-

125 909 203 934 rae
234 892 422 933 Laboris
454 894 578 931 urbes
610 892 954 945 descrzpsimus3
988 894 1204 936 nobiliora
1244 911 1361 936 nunc
1409 912 1498 938 mo-

122 959 329 991 numenta
354 981 365 998 ‚
400 964 556 1003 nempe
587 949 761 1006 singula
793 965 905 1006 quae
939 962 1103 994 restant
1134 954 1255 1008 apud
1285 955 1514 1007 Puteolos,

121 1009 293 1058 Baias,
328 1006 502 1063 aliaque
533 1008 629 1048 loca
662 1024 689 1048 a
728 1005 914 1051 Graecis
942 1011 1152 1065 primum,
1188 1013 1346 1054 deinde
1379 1015 1512 1054 aRo-

123 1066 267 1107 manis
300 1066 405 1105 olim
441 1067 629 1107 habitata
651 1098 664 1116 ,
705 1068 963 1113 invisemus.

246 1124 520 1165 Puteolanus
553 1139 662 1181 ager
682 1157 695 1176 ,
732 1140 907 1184 necnon
941 1137 983 1169 et
1014 1131 1235 1171 Cumanus
1263 1131 1367 1186 plus
1416 1132 1515 1173 aliis

124 1183 347 1242 quondam
367 1183 461 1233 fuit
491 1185 742 1238 expetitus3
793 1186 952 1242 quippe
983 1200 1084 1229 cum
1117 1199 1158 1229 et
1187 1199 1384 1244 sumptus
1410 1205 1513 1244 per-

123 1243 307 1299 magni,
342 1251 382 1282 et
415 1244 646 1296 complura
681 1243 887 1297 aedificia
915 1247 1087 1301 passim
1119 1262 1145 1288 a
1179 1248 1392 1289 Romanis
1435 1263 1515 1289 ex-

124 1309 288 1341 structa
322 1300 588 1357 conditaque
604 1303 791 1352 fuerint.
827 1305 947 1346 Hinc
982 1305 1139 1346 mirum
1172 1306 1292 1347 haud
1335 1318 1433 1357 est,
1478 1310 1519 1348 si

122 1360 182 1400 ad
212 1359 463 1398 maximum
497 1361 854 1414 magnificentiae
884 1372 1042 1405 statum
1089 1365 1199 1406 haec
1255 1366 1360 1406 olim
1411 1368 1513 1406 loca

109 1418 287 1467 fuerint
318 1417 510 1457 redacta.
545 1418 654 1458 Cum
686 1433 794 1460 vero
829 1421 940 1462 illud
968 1423 1113 1463 solum
1154 1433 1306 1478 suapte
1356 1435 1513 1466 natura

124 1474 318 1515 calidum
350 1490 404 1514 ac
438 1475 629 1530 tepidum
661 1479 730 1528 sie,
772 1479 892 1535 quod
900 1486 1109 1534 provenit
1129 1496 1190 1522 ex
1208 1481 1366 1523 vicinis
1391 1497 1512 1523 mon-2

123 1534 230 1574 tibus
262 1533 485 1590 quondam
515 1536 775 1591 ignivomis:
809 1538 910 1579 lzinc
942 1554 996 1580 ea
1027 1540 1128 1580 loca
1162 1556 1363 1581 max-lma
1389 1544 1509 1591 fera-

124 1593 249 1634 citate
283 1605 370 1631 non
401 1594 539 1632 solum
572 1596 938 1638 commendantur
957 1629 967 1649 ,
1001 1612 1148 1639 verum
1182 1600 1312 1640 etiam
1336 1604 1504 1652 totfru-

124 1661 267 1691 ctuum
300 1652 527 1705 generibus
545 1683 559 1702 ,
596 1662 635 1692 et
668 1656 859 1695 ubertate
877 1691 891 1709 ‚
922 1671 1106 1714 quorum
1127 1658 1261 1712 ipsius
1282 1669 1418 1700 scatet
1437 1675 1503 1701 so-

126 1711 240 1758 lum,
274 1719 417 1765 totque
448 1725 664 1766 aquarum
698 1715 975 1755 mineraliunz
994 1747 1007 1765 ,
1041 1726 1082 1756 et
1103 1717 1361 1760 balnearum
1381 1721 1509 1760 abun-

126 1768 303 1817 dantia,
337 1781 449 1823 quae
479 1779 577 1808 sunt
609 1770 652 1808 in
688 1772 762 1811 illo
796 1786 904 1827 agro
944 1789 1119 1828 sparsa.
1166 1778 1368 1826 Profecto
1416 1778 1507 1818 iure

125 1827 360 1882 meritoque
392 1825 458 1865 illi
482 1826 753 1880 praedivites
784 1831 873 1870 viri
896 1832 1136 1890 plerasque
1173 1835 1308 1876 villas
1354 1839 1509 1891 profu·

123 1899 172 1925 so
206 1898 337 1941 quam
370 1885 568 1924 maximo
604 1888 702 1927 auri
726 1888 926 1942 pondere
959 1891 1260 1944 aedificarunt.

244 1941 392 1996 Quare
425 1952 484 1983 tot
516 1945 708 1987 thermas
730 1977 740 1997 ,
775 1962 915 2004 czquas
935 1980 945 2000 ‚
980 1952 1178 2005 emporia
1199 1983 1210 2003 ,
1244 1963 1410 1994 montes
1443 1956 1506 1995 vi-

124 2001 189 2041 nis
223 2001 501 2043 nobilissimis
532 2003 835 2057 abundantes,
874 2009 1024 2057 sinus,
1056 2010 1347 2068 piscososque
1379 2014 1506 2055 lacus

123 2074 223 2100 cum
255 2059 424 2101 urbibus
450 2064 703 2118 praecipuis
722 2096 734 2115 ,
767 2068 927 2120 templa
946 2101 959 2120 ‚
997 2066 1198 2120 Theatra,
1223 2071 1504 2126 Amphithea-

128 2127 192 2158 tra
212 2149 224 2167 ,
256 2118 475 2175 villasque
500 2133 764 2175 praesertim
797 2125 838 2164 in
874 2125 1046 2167 Baiano
1066 2158 1076 2177 ‚
1109 2137 1237 2186 atque
1261 2129 1510 2173 Misenensi

127 2175 419 2219 describemus
451 2179 587 2221 litore.
623 2181 767 2222 Nemo
801 2195 865 2224 est
895 2200 955 2226 ex
987 2188 1201 2245 antiquis,
1252 2204 1392 2247 neque
1441 2206 1508 2232 re-

129 2235 320 2281 centibus
351 2240 598 2280 auctoribus
621 2271 631 2291 ,
667 2243 740 2298 (μιί
771 2242 824 2283 (le
850 2244 1078 2288 Puteolano
1102 2261 1209 2304 agro
1227 2263 1309 2289 non
1329 2251 1508 2306 empha-

131 2296 213 2334 tice
244 2298 481 2349 scripserit.
514 2298 676 2340 stIerito
715 2302 880 2344 Tullius
914 2319 966 2346 ea
996 2305 1098 2349 loca
1143 2309 1385 2362 appellavit
1434 2309 1509 2352 Pu-

1191 2367 1214 2391 an
