1920 2579
1533 121 1554 144 r

172 171 234 226 dit
268 174 359 220 Aet.
391 187 485 232 pag.
515 173 627 216 Seut-
654 167 803 227 colligit
837 183 885 213 ex
915 168 1280 229 Archiepiscopalis
1299 169 1448 216 Curiae
1470 121 1553 219 Rs?

177 233 311 277 chiro.

293 293 402 334 Ante
429 287 638 340 diximus,
673 287 859 329 Sinonem
891 287 1110 329 Beneventi
1140 288 1366 346 principem
1386 306 1548 335 sacrum

179 363 326 406 corpus
359 349 548 400 insuam
580 345 826 388 transtulisse
868 345 1047 396 urbem‘3
1081 347 1160 389 hoc
1192 345 1314 389 fuisse
1346 349 1401 390 ibi
1448 366 1548 394 con·

177 418 257 450 stat
292 421 420 464 usque
441 405 503 450 ,ad
534 419 689 446 annum
721 403 953 446 MCXXIX.
986 414 1032 446 ut
1065 420 1088 446 a
1119 404 1312 447 Falconio
1342 408 1548 451 Beneven-

179 475 276 507 tano
324 474 520 505 narratur.
566 461 690 504 Circa
721 461 833 502 hunc
875 476 1029 504 annum
1061 463 1207 504 accidit
1240 463 1395 508 bellum
1443 468 1547 512 inter

178 522 492 565 Emmanuelem
526 520 1027 575 Constantinopolitanum
1046 521 1355 578 Imperatorem,
1387 536 1426 567 et
1457 528 1545 568 Gu-

180 581 363 624 lielmum
398 581 565 621 nomine
602 577 770 619 Malum
826 577 1190 634 Neapolitanorum
1239 582 1427 636 Regem,
1477 586 1550 642 qui

179 638 327 694 Apulia
357 636 488 679 fuerat
517 635 733 694 spoliatus:
764 633 847 676 Rex
882 636 1095 679 Salernum
1142 652 1236 679 cum
1289 641 1415 696 copiis
1453 658 1548 698 pro·

174 696 361 744 ‚ficiscens
379 726 391 748 ‚
440 697 716 739 Beneventum
762 692 1138 751 adpropinquavit,
1172 707 1211 737 et
1230 697 1325 739 inde
1347 699 1552 752 Nuscum,

180 753 251 795 ubi
283 753 417 812 plures
461 753 567 795 illius
599 750 709 794 urbis
739 751 844 792 cives
876 753 1076 794 interfecti
1108 753 1220 796 fuere
1258 770 1281 795 a
1312 758 1394 799 suis
1441 760 1544 800 mili·

181 812 289 854 tibus
309 843 321 863 ‚
353 810 500 868 aliique
529 812 571 863 in
600 809 878 865 ,captivitatem
910 810 1054 852 ducti:
1103 811 1212 868 iique
1261 813 1303 857 S.
1351 816 1551 859 Amatum

184 880 380 925 rogarunt
410 869 521 911 urbis
554 868 839 926 Episcopum,
875 868 916 910 S.
966 869 1165 912 Gulielmi
1215 871 1385 914 Abbatis
1431 873 1552 916 disci-

184 930 363 983 pulum,
399 938 445 968 ut
477 929 563 969 Rex
593 930 698 983 ipsos
736 940 759 966 a
792 927 1024 982 captivitate
1074 927 1303 972 redimeret.
1345 931 1459 973 Idem
1507 935 1550 977 S.

184 986 411 1042 Episcopus
442 985 537 1041 Regi
576 982 804 1042 praedixit,
854 985 989 1040 ipsum
1035 985 1167 1029 hostes
1202 987 1498 1033 debellaturum
1528 1025 1545 1043 ‚

184 1042 362 1099 indeque
392 1045 627 1085 Benevento
659 1041 900 1098 potiturum.
950 1042 1180 1086 Gulielmus
1230 1046 1392 1088 interim
1435 1061 1554 1105 capta

187 1100 318 1151 urbe,
350 1094 474 1156 plura*
503 1103 583 1144 SS..
605 1096 853 1156 Martyrum‘
867 1114 1037 1155 corpora
1071 1101 1212 1142 iisdem
1248 1103 1358 1145 dono
1389 1104 1502 1147 dedit
1535 1140 1549 1160 ‚

185 1170 223 1199 et
258 1160 469 1214 praecipue
503 1158 603 1199 illud
637 1159 676 1200 S.
710 1158 915 1208 Ianuarii,
951 1158 1065 1212 quod
1099 1161 1192 1200 Sico
1224 1162 1433 1217 quondam
1481 1165 1554 1206 Be-

185 1226 407 1256 neventum
445 1216 680 1256 adduxerat.
715 1215 772 1255 Ita
809 1214 930 1268 igitur
972 1215 1162 1274 Martyris
1180 1232 1328 1274 corpus
1343 1221 1394 1262 ad
1427 1223 1550 1264 Mon-

185 1275 235 1315 tis
268 1273 444 1328 Virginis
475 1273 695 1317 Ecclesiam
726 1272 813 1321 fuit,
838 1273 1078 1314 translatum
1097 1293 1109 1314 .·
1147 1290 1274 1332 eaque
1306 1282 1421 1319 tertia
1444 1281 1551 1322 Reli-

187 1332 377 1387 quiarum
410 1333 447 1372 S.
484 1332 658 1371 Ianuarii
693 1327 899 1371 translatio
938 1329 1041 1382 fuit,
1073 1347 1176 1387 quae
1207 1350 1279 1389 per
1302 1350 1354 1376 aea
1390 1348 1548 1394 tempo⁴

189 1405 231 1430 ra
265 1389 342 1430 sub
374 1389 554 1429 eiusdem
584 1387 723 1444 templi
757 1400 825 1427 ara
857 1388 1032 1428 maxima
1065 1392 1261 1445 repositae
1291 1393 1415 1435 fuere.
1582 1449 1588 1452 ἱ

303 1449 426 1488 Anno
462 1458 596 1487 autem
639 1445 994 1488 MCCCCLXXX
1009 1448 1177 1490 Ioannes
1209 1450 1434 1494 Cardinalis
1452 1456 1555 1496 Ara·
1591 1452 1596 1453 ⁷

191 1505 332 1560 gonius
365 1503 612 1545 Ferdinandi
651 1504 680 1545 I.
704 1503 808 1544 filius
843 1504 1024 1547 eiusdem
1063 1509 1297 1550 Monasterii
1334 1509 1560 1556 Commen-

190 1562 368 1603 datarius
402 1561 419 1620 (
451 1563 636 1604 restituto
669 1562 824 1604 Montis
875 1563 1054 1618 Virginis
1100 1566 1283 1623 templo,
1335 1580 1457 1626 atque
1488 1587 1557 1614 ara

190 1619 368 1662 maxima
401 1624 418 1676 J
452 1635 720 1663 marmoream
752 1620 906 1661 invenit
937 1621 1145 1675 tabulam,
1178 1640 1347 1683 eamque
1379 1628 1556 1673 abstulit:

193 1679 289 1720 hine
321 1680 455 1734 plures
496 1694 618 1720 urnae
650 1688 830 1735 repertae
862 1678 1006 1734 fuere,
1040 1682 1080 1723 in
1114 1698 1290 1739 quarum
1333 1700 1409 1725 una
1436 1688 1474 1727 S.
1501 1689 1560 1730 Ia-

192 1737 322 1778 nuarii
355 1750 505 1791 corpus
545 1752 641 1778 cum
696 1736 844 1777 lamina
895 1736 1086 1791 plumbea
1121 1741 1229 1784 hisce
1259 1743 1559 1789 characteribus

193 1806 276 1835 erat
299 1811 308 1834 ε
344 1793 563 1836 CORPUS
585 1827 594 1836 .
613 1797 663 1837 S·
686 1795 957 1838 IANUARII.
980 1797 1243 1843 EPISCOPI.
1269 1803 1557 1845 BENEVEN-

195 1852 330 1893 TANI
367 1882 376 1890 .
410 1853 483 1893 ET
522 1884 529 1891 .
567 1852 849 1894 MARTYRIS
882 1886 893 1896 .
942 1857 1068 1896 Paulo
1115 1869 1209 1910 post
1256 1875 1401 1915 nempe
1452 1877 1559 1904 anno

194 1909 561 1951 MCCcCXCVIi.
612 1913 774 1952 sedente
826 1913 1057 1958 Alexandro
1081 1913 1085 1916 i
1105 1916 1178 1957 VI.
1231 1927 1269 1958 et
1323 1920 1558 1962 cathedram

196 1967 506 2022 Neapolitanam
539 1965 774 2009 moderante
810 1971 1119 2026 Archipraesule
1150 1974 1382 2018 Alexandro
1436 1979 1561 2022 Cara-

194 2025 288 2077 feo,
328 2026 365 2066 S.
403 2027 590 2083 Martyris
623 2042 768 2083 corpus
806 2026 1016 2082 Neapolim
1051 2030 1129 2072 fuit
1162 2035 1401 2076 translatum
1423 2035 1557 2078 inEc·

194 2082 354 2124 clesiam
390 2084 670 2126 cathedralem
693 2118 703 2136 ‚
739 2083 808 2126 ubi
843 2087 1046 2133 Oliverius
1082 2088 1307 2132 Cardinalis
1369 2093 1562 2136 Caratens

196 2141 490 2184 nobilissimam
544 2143 727 2184 condidit
786 2143 1009 2203 aediculam
1043 2146 1083 2186 in
1133 2148 1273 2190 eadem
1329 2151 1563 2194 Catbeslrali

195 2191 367 2241 E·=clesia
417 2216 578 2241 nomine
614 2201 910 2253 Ευιζβεωίοηίψ·
942 2204 984 2243 S.
1019 2205 1239 2257 Ianuarii,
1273 2210 1410 2264 ibique
1444 2227 1556 2266 repo-

195 2258 315 2297 situm
345 2273 491 2315 eorpus
530 2263 613 2300 sirie
644 2264 775 2316 capite
806 2261 881 2301 snb
913 2277 976 2303 ara
1012 2265 1197 2308 maxima.
1217 2266 1395 2310 Huiusce
1428 2269 1556 2316 Traxit
