1920 2579
358 150 484 194 Haud
521 151 639 203 longe
672 147 721 187 ab
756 145 926 200 antiqua
958 141 1341 186 Suessulamontes
1359 147 1491 189 erant,
1507 154 1613 195 quos

245 212 351 252 inter
380 210 444 251 ille
477 217 728 250 memoratur
751 236 764 255 ‚
800 205 872 261 qui
907 204 957 245 ab
986 201 1130 243 accolis
1148 200 1364 241 dictitatur
1383 197 1615 239 cancellus

236 271 310 324 qui
351 282 466 310 mons
499 267 606 306 idem
642 275 699 305 est
727 295 737 314 ‚
770 277 816 303 ac
836 261 901 302 ille
920 276 940 301 a
970 261 1084 303 Livio
1101 259 1170 301 lib.
1207 257 1370 300 XXIII.
1390 255 1616 312 descriptus

237 326 314 368 sub
353 324 769 367 nomineCastrornm
788 321 1015 370 BIarcelli,
1041 335 1110 360 seu
1131 316 1385 359 Castrorum
1413 313 1615 356 Claudia-

242 400 395 425 norum
430 398 549 438 super
589 381 834 422 Suessulam.
866 377 1085 419 Patavinus
1119 376 1217 417 hinc
1246 384 1390 415 auctor
1440 374 1615 416 Marcel-

239 444 324 483 lum
364 450 497 482 narrat
531 440 786 490 Consulem,
819 451 928 479 anno
963 435 1013 477 ab
1044 435 1099 480 V.
1137 434 1186 477 C.
1231 432 1470 476 DXXXVI.
1508 441 1616 489 post-

234 513 357 556 quam
387 498 536 540 Nolam
576 509 633 539 est
666 498 899 550 ingressus,
938 505 979 535 et
1011 493 1064 534 ibi
1104 502 1325 550 postquam
1356 501 1617 541 senatum,et

233 559 434 614 populum
485 571 622 598 rursus
664 554 737 596 sub
791 554 1074 596 Romanorum
1116 550 1273 607 redegit
1320 559 1560 606 potestatem
1594 581 1609 602 ,

240 615 501 665 consedisse,
540 626 578 655 et
608 630 732 670 supra
759 611 990 654 Suessulam
1029 619 1160 652 castra
1202 623 1395 666 posuisse.

346 673 413 714 Ad
445 672 597 714 radices
630 671 910 712 meridionales
943 669 1114 711 huiusce
1133 667 1287 710 montis
1305 667 1500 709 Cancellae‘
1537 666 1614 707 ori-

241 741 309 770 tur
348 745 452 770 unus
492 746 513 770 e
545 730 678 770 Clanii
711 728 924 770 fontibus:
969 728 1072 769 alius
1103 737 1163 768 est
1195 725 1348 767 Nolam
1390 725 1527 777 inter,
1575 733 1615 764 et

235 787 434 829 Abellam.
470 787 548 829 Hic
580 801 676 829 vero
707 787 856 827 fluvius
889 785 1057 827 Clanius
1087 795 1127 825 et
1159 784 1351 825 Liternus
1383 793 1442 823 est
1478 783 1615 838 appel-

230 846 365 887 latus:
403 860 500 887 nam
532 845 601 886 ubi
635 843 846 893 decurrit,
878 842 958 884 fuit
989 842 1041 884 ab
1079 841 1257 897 antiquis
1305 840 1479 882 Clanius
1521 855 1612 896 pro—

236 904 322 956 prie
355 912 551 950 vocatus,
587 913 627 941 et
670 899 738 941 ubi
773 899 825 940 ad
862 915 973 940 mare
1006 899 1163 955 pergit,
1184 913 1253 938 seu
1271 897 1340 938 ubi
1369 909 1466 939 sunt
1486 898 1607 948 ostia,

228 959 418 999 Liternus
468 959 545 999 fuit
589 957 784 998 salutatus
821 956 871 997 ab
913 956 1014 997 urbe
1044 956 1240 1004 Literni,
1279 970 1386 1010 quae
1438 954 1611 996 celebris

232 1016 408 1072 sequiori
441 1030 540 1057 aevo
577 1016 701 1056 evasit
733 1014 787 1055 ob
818 1014 1022 1070 Scipionis
1045 1012 1227 1054 Africani
1268 1011 1406 1054 nobile
1431 1014 1613 1054 exilium.

230 1073 330 1129 Agri
363 1088 490 1129 prope
520 1073 698 1115 eundem
727 1088 890 1123 amnem
924 1071 978 1114 ob
1013 1072 1264 1113 fertilitatem
1312 1070 1610 1114 commendan-

230 1142 297 1173 tur
320 1163 331 1184 ,
359 1142 397 1171 et
434 1133 646 1190 praecipue
679 1147 701 1172 a
731 1131 900 1186 Virgilio
931 1133 1078 1186 Georg.
1110 1129 1161 1172 ΙΙ.
1198 1144 1231 1168 ν.
1265 1137 1370 1182 224.

345 1190 484 1231 Livius
515 1201 653 1232 narrat
688 1189 874 1231 confecto
918 1189 1027 1232 bello
1061 1194 1157 1230 c‘um
1207 1188 1395 1241 Latinis,
1456 1197 1496 1228 et
1542 1187 1618 1229 hac

225 1258 344 1303 geute
358 1247 524 1289 subacta
541 1280 551 1300 ,
574 1248 717 1298 urbem
736 1249 972 1290 Suessulam
994 1246 1128 1306 (qnod
1149 1246 1354 1289 foederata
1392 1257 1487 1287 ante
1508 1261 1609 1288 sem·

229 1322 298 1362 per
327 1321 420 1347 cuin
453 1307 597 1348 iisdem
629 1306 779 1361 fuerat)
813 1307 876 1348 ius
908 1308 1114 1349 Romanae
1146 1306 1319 1346 civitatis
1358 1304 1552 1361 adeptam
1582 1337 1598 1356 ‚

227 1364 393 1421 aliisque
424 1366 543 1408 rebus
576 1381 658 1407 esse
690 1365 874 1421 potitam.
907 1367 1053 1407 Postea
1071 1365 1168 1405 haec
1203 1363 1486 1421 Municipium
1507 1364 1598 1416 fuit,

228 1433 265 1463 et
302 1424 363 1463 ius
397 1424 569 1466 civitatis
598 1424 812 1480 acquisivit
844 1427 1056 1467 Romanae
1077 1454 1089 1474 ‚
1122 1433 1171 1463 ut
1204 1434 1298 1463 ante
1333 1422 1598 1473 tradidimus,

228 1491 266 1522 et
300 1491 343 1521 ut
375 1495 397 1520 a
432 1483 545 1524 Livio
573 1480 664 1522 loco
695 1497 816 1537 supra
837 1483 962 1523 citato
987 1491 1251 1537 compertum
1272 1493 1343 1522 est.
1367 1480 1467 1522 Inde
1488 1495 1602 1536 prae-

226 1538 381 1580 sectura
409 1541 555 1591 evasit,
589 1538 703 1597 quod
740 1550 924 1596 tempore
957 1538 1124 1581 secundi
1158 1539 1249 1581 belli
1285 1540 1429 1580 Punici
1463 1554 1483 1579 e
1518 1539 1600 1578 Ro-

229 1612 346 1637 mana
380 1598 583 1640 defecerat
616 1597 819 1653 republica
842 1630 857 1649 ,
895 1609 933 1639 et
964 1598 1136 1639 saeviter
1176 1599 1217 1637 iu
1259 1597 1368 1638 illam
1402 1598 1478 1639 suit
1519 1598 1603 1636 ani·

228 1656 504 1698 madversum.
542 1660 636 1698 Post
659 1656 827 1712 aliquod
858 1672 952 1698 vero
989 1668 1147 1712 tempus
1188 1655 1416 1699 Suessulam
1438 1657 1478 1697 in
1514 1672 1599 1696 me-

225 1713 368 1752 liorem
404 1716 575 1756 formam
596 1746 608 1764 ,
642 1725 681 1756 et
714 1715 992 1756 conditionem
1021 1727 1321 1771 pervenerunt,
1355 1730 1449 1755 cum
1474 1730 1492 1754 a
1517 1717 1600 1755 Ro-

229 1770 358 1809 manis
394 1771 567 1812 Colonia
619 1772 696 1812 fuit
729 1772 936 1823 deducta,
971 1788 1076 1828 quae
1122 1772 1274 1826 legibus
1308 1771 1474 1829 quidem
1516 1773 1600 1813 Ro-

232 1841 446 1868 manorum
478 1828 705 1882 regebatur.

347 1886 577 1927 Suessulani
610 1886 802 1928 Cererem
833 1903 928 1944 prae
960 1887 1107 1928 ceteris
1128 1886 1246 1929 deam
1267 1889 1439 1941 coluere,
1462 1889 1601 1945 illique

231 1943 389 1983 numini
421 1945 683 1985 addictissimi
718 1943 840 1986 fuere.
874 1946 1120 1987 Vicinorum
1146 1946 1256 1987 enim
1273 1962 1465 2002 agrorum
1485 1947 1599 1989 uber-

223 2012 282 2042 tas
315 2015 359 2040 ea
392 2001 494 2054 fuit,
530 2014 575 2044 ut
602 2017 788 2059 magnam
818 2003 1015 2045 frumenti
1050 2004 1208 2060 copiam
1241 2021 1266 2060 p
1290 2005 1501 2061 ropinquis
1521 2006 1609 2048 snb-

227 2059 503 2102 ministrarent
536 2062 708 2118 populis.
743 2063 971 2102 Suessulani
1012 2063 1106 2102 hinc
1141 2073 1184 2103 ut
1230 2078 1326 2119 prae
1369 2065 1509 2104 ceteris
1542 2080 1600 2104 ex-

226 2116 416 2160 cultiores
449 2119 642 2162 Cererem
690 2120 813 2162 veluti
847 2131 1063 2174 patronam
1093 2152 1104 2170 ‚
1137 2135 1182 2161 ac
1215 2132 1345 2162 terrae
1391 2121 1601 2163 dominam

225 2185 319 2217 sunt
355 2179 541 2220 venerati.
578 2178 690 2220 Coss.
727 2181 784 2220 Μ.
819 2179 1018 2229 Silvano,
1056 2191 1093 2219 et
1127 2182 1174 2220 L.
1211 2180 1407 2222 Norbano
1432 2211 1444 2230 ‚
1490 2180 1600 2238 quod

218 2234 372 2275 accidit
401 2236 553 2278 Tiberii
586 2237 842 2294 Imperatoris
872 2251 979 2279 anno
1012 2248 1153 2288 sexto„
1189 2238 1398 2280 Suessulae
1437 2241 1597 2281 Duum-
