1920 2579
290 115 346 156 [0

289 133 412 227 (inam
452 168 639 212 Pliniano
676 183 771 210 aevo
805 169 879 211 suh
913 167 1089 216 ἇείᾱιιίαε
1131 172 1297 214 nomine
1344 169 1508 214 venire:
1565 172 1665 215 haee

290 243 398 269 nunc
428 229 623 284 temporis
638 226 688 268 ab
719 227 938 283 indigenis,
970 231 1171 273 vocitatur
1202 233 1247 272 L’
1266 245 1396 286 acqua
1412 232 1512 273 delle
1530 233 1666 272 calda-

288 288 393 331 relle.
411 285 545 327 Huius
564 286 683 328 etiam
706 287 957 329 mentionem
977 287 1071 328 facit
1094 289 1311 331 Vitruvius
1331 287 1398 330 lib.
1418 289 1527 331 VIII.
1549 303 1592 331 e.
1617 293 1668 330 3.-

403 345 516 385 Haec
543 359 639 389 vero
674 359 696 384 a
728 344 920 388 Romanis
957 347 1052 388 urbs
1085 347 1209 404 pluris
1231 347 1367 388 habita
1392 377 1405 397 ,
1444 357 1489 388 ut
1520 345 1659 390 videre

287 412 345 443 est
379 402 500 443 etiam
533 416 579 444 ex
610 403 692 444 suis
727 417 831 460 qnae
856 414 1006 445 restant
1041 405 1286 455 ruderibus,
1318 419 1506 461 quaeque
1548 404 1656 444 anti-

285 474 410 515 quam
442 471 766 503 commonstrant
798 463 1076 504 maiestatem:
1111 462 1167 504 ihi
1197 463 1304 505 enim
1342 473 1381 503 et
1420 462 1564 517 Circi,
1622 472 1661 503 et

287 519 629 576 Amphitheatri,
661 519 917 577 aliorumque
954 520 1151 562 ruderum
1202 521 1387 562 visuntur
1440 521 1651 563 Romanae

285 577 608 632 magnificentiae
636 589 912 629 monumenta.
947 581 1007 621 Ex
1037 578 1218 635 quodam
1253 590 1455 621 marmore
1490 594 1511 619 a
1556 581 1648 620 Pra-

284 635 387 676 tiliio
419 636 587 679 recitato
624 635 693 680 lib.
734 635 785 678 II.
822 652 858 681 c.
891 638 917 679 3
955 636 1007 679 de
1037 637 1114 679 Via
1145 638 1226 694 Ap.
1258 637 1381 680 fuisse
1402 637 1497 678 olim
1516 649 1646 688 aram,

284 692 348 734 vel
379 696 581 752 templum
612 692 765 739 Iunoni
795 694 976 738 dicatum
1022 696 1191 737 eruitur.
1242 695 1336 735 Duo
1384 695 1460 734 alia
1509 694 1652 734 mutila

282 763 491 794 marmora
527 750 578 791 ab
612 752 756 793 eodem
790 763 955 795 auctore
989 752 1105 792 allata
1137 753 1390 792 mentionem
1426 751 1579 791 faciunt
1604 750 1655 790 de

284 809 474 852 Thermis
495 841 508 860 ‚
540 807 747 861 Theatro,
784 818 822 849 et
851 807 1182 864 Amphitheatro.
1217 809 1273 850 Et
1306 823 1347 848 re
1380 807 1543 865 quidem
1593 822 1663 850 ve-

282 879 329 906 ta
360 877 511 909 restant
547 865 701 910 horum
746 864 1025 910 aedificiorum
1072 866 1207 908 adhuc
1244 866 1442 908 nonnulla
1495 864 1655 910 rudera.

284 924 424 966 Fuisse
456 926 576 967 etiam
609 923 664 964 ibi
683 923 841 966 Cereris
874 923 1072 978 templum
1105 938 1152 965 ex
1168 925 1244 963 alio
1265 923 1492 964 ostenditur
1508 922 1656 978 lapide,

400 982 527 1025 Urbis
561 981 681 1023 huius
719 980 888 1022 tandem
926 980 1032 1025 AEvo
1068 981 1204 1022 Medio
1239 980 1346 1022 nulla
1372 991 1478 1021 extat
1497 995 1660 1021 memo-

282 1038 372 1087 r333
414 1038 659 1083 crediderim
709 1049 802 1095 post
833 1037 1007 1081 Romani
1040 1039 1205 1095 Imperii
1238 1040 1399 1093 lapsum
1449 1037 1657 1080 Barbaros

280 1096 421 1137 ruinas
454 1097 550 1139 huic
584 1096 800 1148 attulisse,
834 1107 882 1137 ut
915 1098 1055 1138 ceteris
1088 1097 1233 1137 evenit‘
1257 1096 1443 1152 Sequiori
1462 1109 1556 1134 aevo
1575 1095 1655 1135 Co-

282 1154 455 1196 mitibus
487 1155 566 1199 fuit
598 1153 789 1196 subiecta.
825 1155 885 1196 Re
916 1169 1009 1195 sane
1058 1170 1152 1195 vera
1199 1164 1450 1195 memoratur
1493 1152 1658 1194 Lando-

283 1211 464 1268 nulphus
500 1211 694 1254 haudulfi
724 1211 923 1268 Campani
958 1212 1151 1269 Episcopi
1199 1226 1323 1270 nepos
1371 1211 1539 1252 huiusce
1579 1211 1653 1251 Co-

282 1283 367 1310 mes
386 1301 397 1321 ,
430 1287 552 1327 quem
588 1280 788 1313 memorat
819 1271 1140 1327 Erchempertus
1178 1271 1657 1326 Hist.Lang.num.21.

285 1326 525 1371 Hodiedum
547 1329 684 1372 sedem
730 1329 854 1375 habet
891 1329 1172 1387 Episcopalem
1191 1360 1207 1381 ‚
1260 1343 1386 1384 quam
1427 1342 1448 1368 a
1488 1326 1653 1370 saeculo

281 1399 411 1441 usque
443 1389 564 1430 tertio
595 1387 830 1434 decoratam
864 1387 987 1430 fuisse
1030 1386 1219 1430 creditur.
1256 1386 1368 1435 Urbs
1416 1399 1555 1429 recens
1603 1385 1655 1425 ab

290 1445 457 1502 antiqua
487 1462 638 1503 parum
671 1445 794 1494 distat
815 1476 828 1497 ‚
861 1444 933 1489 ubi
971 1445 1148 1501 plurima
1180 1454 1317 1490 extant
1349 1443 1460 1500 opidi
1491 1441 1656 1488 rudera.

57 1502 122 1536 ΑΨ
143 1502 278 1532 ¹⁷⁸¹⁰²¹¹¹⁵¹
407 1504 504 1547 Non
537 1505 655 1560 longe
686 1504 737 1547 ab
770 1503 951 1549 Sidicino
983 1503 1062 1551 fuit
1092 1518 1283 1559 campus,
1322 1504 1381 1544 vel
1412 1516 1502 1557 ager
1521 1501 1658 1542 Faler-

287 1575 397 1614 nus„
429 1564 498 1619 qui
533 1559 694 1608 suit'ad
727 1563 885 1619 Appiae
917 1563 1002 1605 viae
1033 1562 1236 1604 sinistram
1267 1561 1441 1602 fluvium
1464 1559 1568 1599 inter
1587 1558 1651 1602 Sa-

286 1633 434 1659 vonem
454 1653 465 1672 ,
506 1630 545 1662 et
582 1620 824 1665 Caniculam
856 1630 1050 1662 montem.
1084 1620 1190 1674 Ager
1224 1620 1289 1659 hic
1321 1618 1397 1659 fuit
1426 1626 1649 1670 occupatus

278 1675 376 1718 olim
408 1678 459 1718 ab
490 1678 758 1728 Ausonibus,
791 1681 853 1720 vel
889 1678 1122 1727 Auruncis,
1154 1687 1292 1732 pastea
1327 1690 1350 1716 a
1388 1673 1573 1730 Pelasgis:
1597 1672 1652 1720 ad

286 1735 381 1779 alias
412 1747 547 1797 gentes
585 1735 775 1790 transiit,
807 1746 847 1779 et
877 1735 971 1782 inde
1013 1734 1066 1782 ad
1100 1735 1309 1782 Etruscos
