1920 2579
632 173 635 177 .
778 171 781 174 ,
1444 128 1531 173 247²

148 200 223 241 pus
254 178 427 225 existisse
459 194 539 223 non
571 179 702 222 solum
735 179 937 235 Neapoli,
975 194 1113 221 verum
1155 180 1287 235 *etiam
1337 180 1491 221 Romae
1511 211 1522 228 ,

151 243 316 297 aliisque
350 240 573 298 praecipuis
605 238 804 288 urbibus,
841 246 881 278 et
911 252 933 276 a
966 238 1197 280 Cimmeriis
1250 239 1438 295 populis,
1471 238 1523 279 si-

149 317 196 340 ve
229 302 314 341 aliis
345 299 528 354 gentibus
562 311 624 337 eas
655 296 856 338 habitatas
900 295 1019 336 fuisse
1040 328 1050 348 ,
1102 307 1147 337 ut
1192 307 1285 337 ante
1333 296 1522 339 diximus.

153 359 371 399 Christiani
405 372 500 398 vero
531 355 615 395 loca
651 355 799 394 isthaec
833 356 1157 409 persecutionum
1181 366 1364 410 ternpore
1388 356 1531 410 potius*

153 417 357 471 elegerunt
379 439 400 465 ‚·
429 429 510 470 quo
543 423 817 471 tyrannorum¹
844 411 1073 468 effugerent
1106 416 1307 464 furorem,
1333 423 1370 454 et
1389 413 1524 465 proin-

151 474 200 514 «.le
234 473 458 530 sepulturae
490 472 579 512 loco
612 470 675 512 illa
707 471 830 512 fuere.
867 471 957 510 Hoc
990 482 1125 513 autem
1161 473 1283 524 magis
1305 469 1523 512 confirma-

153 543 245 583 tur,
279 545 325 571 ex
357 545 404 573 eo
435 528 549 585 quod
581 529 731 570 horum
763 529 1123 572 subterraneorum
1155 531 1282 585 paries
1315 543 1435 569 arena
1469 529 1520 569 sit

152 590 383 631 duresactus
416 599 650 643 temporum
681 586 1073 630 immemorabilium
1103 587 1287 630 colluvie.

269 649 370 688 Pace
403 662 498 687 vero
533 645 732 687 Ecclesiae
767 644 935 696 reddita,
969 645 1225 703 Neapolitani
1257 644 1414 686 easdem
1435 660 1524 700 spe·

157 721 228 746 cus
265 716 308 746 ut
338 720 464 745 sacras
498 704 686 745 habuere.
722 702 936 759 Temporis
970 718 1180 758 progressu
1213 703 1526 759 Neapolitanam

157 763 382 805 Ecclesiam
415 762 653 803 moderante
685 762 725 803 S.
760 761 909 802 Severo
942 762 1130 802 praesule
1150 793 1160 812 ,
1196 776 1345 816 corpus
1392 762 1430 800 S.
1466 762 1523 800 la-

154 822 283 862 nuarii
319 821 536 877 Episcopi,
571 830 609 861 et
641 820 834 878 Martyris
866 820 906 859 in
940 819 1050 859 hunc
1085 821 1222 860 locum
1239 820 1523 875 adsportatum

156 879 234 919 suit
265 895 310 920 ex
344 894 439 933 agro
473 878 740 919 Marcianensi
763 909 775 927 ‚
810 877 925 931 eique
957 876 1137 917 aedicula
1172 893 1219 918 ex
1253 878 1336 918 eius
1355 879 1521 918 nomine

154 936 228 977 sub
260 938 378 976 titulo
411 937 456 977 S.
492 936 688 975 Ianuarii
719 936 780 976 acl
808 934 970 990 Corpus
1003 935 1148 976 dicata.
1199 938 1295 988 Quo
1346 935 1386 974 in
1434 935 1524 977 loco

153 993 314 1033 condita
347 993 458 1033 fuere
490 992 701 1046 posteriori
734 1002 915 1046 tempore
948 1005 1117 1047 corpora
1151 992 1226 1033 SS.
1272 993 1485 1049 Agrippini
1509 1024 1524 1042 ,

155 1049 393 1101 Laurentii,
426 1049 673 1099 Athanasii,
707 1048 962 1104 aliorumque
995 1050 1364 1107 Neapolitanorum
1415 1050 1532 1091 Auti-

155 1110 309 1149 stitum.
342 1109 562 1163 Postquam
595 1108 671 1148 loci
706 1108 827 1148 huius
859 1107 1056 1163 originem
1078 1134 1097 1159 ,ν
1124 1108 1306 1165 (Ῑυοᾶάνε
1328 1124 1368 1148 re
1389 1119 1531 1149 nostra

159 1166 236 1207 suit
258 1198 273 1218 ,
312 1165 570 1221 detegimus.
603 1165 709 1206 illius
741 1180 852 1206 nunc
887 1168 1210 1224 topographiam
1237 1167 1526 1208 describemus.

273 1224 515 1272 CQemeterii
548 1224 681 1265 aditus
717 1224 784 1280 (ι)
823 1234 881 1265 est
912 1225 953 1266 in
984 1226 1070 1282 ipso
1103 1225 1308 1266 Ecclesiae
1328 1226 1533 1266 novaein·

163 1298 332 1338 gressu,
368 1298 470 1339 quae
503 1281 624 1324 hodie
656 1294 918 1339 nuncupatur
950 1284 993 1326 S.
1041 1283 1250 1326 Gennaro
1270 1294 1534 1327 emt-amoe-

250 1489 305 1534 (i)
336 1487 440 1522 Iuvat
467 1486 546 1521 heic
574 1486 746 1521 adnotare
773 1499 837 1535 pro
867 1499 911 1522 ne
941 1496 1021 1522 nata
1041 1517 1049 1531 ‚
1079 1486 1144 1522 hoc
1174 1487 1342 1522 eximium
1388 1488 1535 1524 Coemc-

154 1538 284 1573 terium
311 1537 396 1572 olim
425 1539 588 1586 quinque
627 1536 794 1571 habuisse
823 1535 953 1571 aditus.
985 1538 1127 1572 Primus
1155 1548 1204 1572 est
1234 1538 1293 1572 ille
1320 1538 1368 1573 S.*
1404 1540 1533 1573 Ianua-

157 1589 200 1623 rii
230 1587 274 1622 ad
303 1586 524 1622 occidentem
556 1599 707 1636 vergens
736 1587 770 1620 in
802 1587 877 1634 ipso
904 1586 1085 1621 Ecclesiae
1114 1600 1227 1622 novae
1255 1589 1440 1636 ingressu,
1483 1590 1532 1623 sic

158 1637 274 1673 dictus
302 1650 319 1671 a
348 1637 387 1674 S.
415 1635 586 1672 Ianuarii
621 1646 769 1684 corpore
797 1635 876 1670 heic
905 1637 1099 1672 tumulato.
1138 1636 1235 1672 Alter
1279 1637 1399 1673 aditus
1440 1648 1490 1674 cst
1521 1667 1531 1684 ⁷

159 1688 217 1722 cui
243 1699 372 1722 nomen
403 1687 441 1722 S.
470 1686 604 1721 Mariae
631 1684 804 1721 Sanitatis
831 1686 876 1721 ab
903 1686 979 1721 eius
1007 1687 1166 1722 Ecclesia
1197 1687 1423 1735 appellatus,
1453 1689 1533 1737 qui-

158 1749 226 1784 que
255 1737 363 1771 etiam
390 1736 427 1770 S.
458 1736 630 1770 Gaudiosi
653 1735 835 1770 Bithiniae
862 1737 1028 1783 Episcopi
1057 1749 1255 1783 cognomen
1275 1737 1410 1785 accepit
1430 1766 1439 1782 ‚
1472 1737 1532 1771 ubi

160 1784 321 1820 eiusdem
349 1783 469 1820 aderat
497 1797 627 1832 corpus
655 1797 737 1818 cum
767 1783 929 1820 aedicula
954 1798 962 1819 :
992 1785 1188 1821 hodiedum
1218 1785 1279 1821 hie
1306 1788 1448 1834 penitus
1478 1801 1535 1821 oc-

165 1834 286 1869 clusus
314 1843 443 1870 restat.-
462 1833 605 1868 Tertius
632 1832 821 1870 S.-Severi
850 1847 868 1869 a
901 1834 1035 1880 templo
1064 1836 1214 1869 excitato
1260 1835 1295 1869 in
1326 1837 1402 1883 ipso
1444 1838 1537 1871 (joe-

159 1883 305 1918 meterio
323 1910 332 1927 ‚
350 1883 460 1934 *quod
488 1883 663 1931 templum
685 1882 853 1930 temporis
880 1894 1068 1931 progressu
1096 1897 1166 1918 non
1208 1885 1332 1932 procul
1376 1896 1536 1921 erectum

163 1935 257 1976 fuit,
295 1932 434 1982 ipsique
461 1933 620 1968 Praesuli
648 1932 810 1970 dicatum
848 1932 883 1967 in
913 1932 988 1967 loco
1011 1961 1020 1978 ,
1052 1933 1116 1982 qui
1152 1948 1168 1968 a
1200 1935 1420 1970 nostratibus
1447 1936 1540 1971 dici-⁷

168 1993 227 2018 tur
253 1981 297 2018 S.
327 1983 468 2020 Severo
496 1995 520 2018 a
560 1983 839 2033 Capodimonle.
877 1983 1036 2028 Quartus
1065 1983 1184 2020 aditus
1213 1984 1257 2019 ab
1303 1985 1466 2021 aedicula
1495 1985 1536 2022 S.

164 2029 241 2067 Viti
266 2061 276 2077 ‚
304 2034 367 2081 qui
396 2042 515 2083 postca
545 2044 691 2070 vocatus
719 2032 757 2068 S:
785 2033 898 2068 Maria
928 2031 972 2067 ad
1002 2034 1132 2069 Vitam.
1158 2035 1225 2069 Hic
1254 2033 1374 2071 aditus
1399 2035 1443 2070 ad
1460 2049 1536 2071 sne-

165 2082 288 2117 culum
317 2092 428 2132 usque
456 2083 537 2118 XV.
568 2084 684 2132 patuit
705 2110 715 2126 ‚
745 2089 780 2118 et
808 2089 927 2131 postea
954 2082 1152 2131 impervius
1181 2085 1363 2120 remansit.
1378 2086 1538 2129 Quintus

166 2132 313 2168 tandem
334 2133 372 2169 S.
402 2134 554 2182 Ephebii
597 2133 765 2182 Episcopi
810 2133 854 2167 ab
881 2132 1044 2168 ciusdem
1091 2147 1238 2182 corpore
1280 2134 1358 2170 heic
1386 2138 1540 2185 sepultO.

166 2181 330 2236 Sequiori
357 2196 444 2219 aevo
472 2183 511 2219 S'.
540 2183 692 2232 Ephebii
738 2182 1006 2218 coemeterium
1035 2183 1166 2221 audiit.
1197 2185 1263 2219 Hic
1289 2193 1396 2221 restat
1439 2198 1537 2221 nunc

166 2240 273 2265 etiam
302 2233 462 2269 occlusus
482 2260 491 2276 ,
521 2242 556 2268 et
583 2241 634 2283 est
660 2233 728 2272 sub
756 2234 832 2284 ipso
852 2233 1167 2283 Cappuceinorum
1189 2235 1371 2273 coenobio
1389 2235 1534 2285 ,vvulgo

165 2278 363 2332 Sg-Efrem
392 2283 435 2324 V
430 2282 583 2326 cedrio.-
