1920 2579
1496 122 1547 165 41

182 183 320 231 toria,
357 177 476 235 vulgo
506 177 713 231 Anglanae
743 174 943 219 Thermae
991 180 1236 228 nuncupata.
1284 170 1395 210 Haec
1441 183 1463 210 a
1512 172 1552 213 S.

184 239 392 281 Germano
422 238 632 292 Campano
664 234 870 291 Episcopo
895 265 907 283 ,
939 233 1011 289 qui
1043 231 1142 275 vixit
1172 229 1248 272 VI.
1281 227 1456 281 saeculo,
1474 229 1554 270 ori-

180 299 313 354 giuem
337 328 351 346 ‚
387 306 425 336 et
455 306 620 352 etymon
651 302 892 348 acceperunt
914 322 926 338 ,
963 292 1033 349 qui
1083 304 1178 331 sane
1228 298 1477 329 memoratur
1531 302 1553 327 a

181 358 219 398 S.
254 354 451 410 Gregorio
479 355 585 409 Papa
617 352 688 395 lib.
721 352 798 394 IV.
830 350 987 405 Dialog.
1022 364 1134 389 num.
1171 350 1237 400 40.
1270 347 1382 387 Haec
1428 345 1553 387 Suda-

181 414 292 456 toria
324 427 522 454 cameram
556 411 706 452 habent
736 420 942 451 arcuatam
965 440 978 459 ,
1010 423 1056 449 ex
1086 421 1171 463 quo
1215 405 1307 447 loco
1355 403 1551 446 subterra-

188 487 288 513 neae
319 481 466 512 exeunt
496 470 807 526 evaporationes.
839 467 998 508 Videsis
1038 476 1222 506 auctores
1253 463 1445 504 historiae
1479 464 1555 505 Pu·

190 529 372 571 teolanae
392 559 406 582 ,
443 544 642 584 quaenam
676 528 726 569 de
758 526 967 568 effectibus
999 523 1191 573 tradant,
1246 532 1284 564 et
1331 537 1555 578 quamnam

191 587 370 629 efficiant
402 587 612 629 sanitatem
647 600 689 628 ea
721 585 948 628 sudatoria.

304 645 512 688 Credibile
541 646 636 687 hinc
668 656 757 698 est,
792 659 878 686 eam
911 657 1076 685 omnem
1107 640 1254 683 vetusti
1274 637 1448 680 aedificii
1470 654 1553 695 par-

178 713 262 753 tem
287 735 299 757 ‚
332 719 436 760 quae
468 714 589 746 restat
619 703 753 746 adhuc
785 719 805 744 e
837 703 996 758 regione
1026 701 1139 744 lacus
1170 698 1345 750 Auiani,
1396 713 1479 738 esse
1512 712 1556 738 ea

182 764 265 818 ipsa
301 763 343 806 S.
375 762 575 804 Germani
607 762 824 805 Sudatoria
857 761 978 815 vulgo
1008 759 1129 801 dicta.
1163 759 1346 800 Huiusce
1384 756 1558 797 immen-

181 837 247 863 sae
282 820 457 863 fabricae
486 821 632 863 rudera
667 833 886 878 supersunt
917 819 1053 860 adhuc
1086 832 1200 858 secus
1231 817 1338 857 viam
1373 815 1559 856 Puteola-

179 894 275 921 nam
313 894 436 936 opere
461 892 655 933 arcuato,
689 890 728 921 et
758 879 945 922 lateritio.
981 878 1149 918 Restant
1182 877 1302 916 etiam
1333 872 1448 929 plura
1470 889 1558 929 pas-

177 938 253 978 sim
290 951 412 992 parva
444 937 642 980 foramina
674 940 714 979 in
749 937 971 993 parietibus
998 934 1048 974 ad
1064 934 1238 975 calorem
1263 932 1557 987 recipiendum:

175 994 288 1034 unde
320 1006 415 1050 puta
448 995 489 1035 in
524 996 601 1037 hoc
633 995 822 1037 aedificio
855 994 1058 1037 Calidaria
1091 992 1230 1045 fuisse,
1264 991 1384 1045 vulgo
1407 991 1447 1031 le
1466 992 1560 1034 Stu-

162 1054 232 1105 fe.
267 1052 531 1094 Credendum
563 1055 708 1106 etiam,
744 1054 825 1096 hoc
874 1052 1195 1094 vetustissimum
1241 1060 1559 1090 monumentum

174 1111 377 1153 Thermas
409 1113 508 1155 oiim
541 1111 675 1156 fuisse.
710 1112 777 1155 Cl.
812 1110 1050 1153 Mazochius
1099 1119 1236 1150 tamen
1288 1105 1448 1149 easdem
1496 1108 1560 1148 De

179 1167 338 1210 Eccles.
370 1171 542 1227 Neapol.
577 1186 734 1228 paragr.
770 1171 820 1213 Π.
854 1185 947 1229 pag.
982 1170 1065 1212 213
1097 1166 1312 1209 Lucullani
1335 1164 1447 1221 opidi
1469 1181 1561 1222 par-

175 1234 260 1268 tem
292 1243 375 1270 esse
413 1229 564 1282 sentit3
597 1242 639 1271 at
672 1241 831 1286 egomet
864 1227 1076 1286 publicum
1092 1225 1325 1269 aedificium
1347 1223 1399 1265 ad
1430 1223 1562 1269 Ther-2

175 1298 339 1337 marum
373 1303 493 1331 usum
526 1287 649 1334 fuisse
685 1289 823 1346 potius
862 1288 1061 1331 existimo„

514 1400 978 1457 *CAPUT
1057 1403 1116 1454 V.

170 1535 240 1574 De
271 1533 483 1575 montibus
518 1537 666 1576 Gauro
690 1565 701 1586 ‚
735 1545 776 1576 et
815 1532 997 1576 Cinereo
1024 1565 1037 1583 ‚
1068 1531 1123 1573 cle
1167 1531 1270 1573 lacu
1318 1532 1503 1575 Lucrino
1521 1566 1537 1585 ,

226 1594 358 1633 Portu
388 1591 532 1643 Iulio,
563 1592 618 1633 de
654 1592 882 1635 Ciceronis
913 1592 1110 1634 Cumano
1130 1622 1144 1642 .‚
1179 1590 1233 1631 de
1263 1590 1365 1633 lacu
1402 1591 1543 1635 Aver-

229 1665 301 1691 no.
337 1650 608 1693 Describitur
635 1651 825 1708 Sibyllae
857 1651 1078 1694 Cumaeae
1109 1659 1308 1703 antrum,
1349 1650 1541 1693 Triticlae'

231 1707 504 1752 Sudatorium
523 1742 538 1762 ,
576 1722 615 1752 et
649 1711 738 1755 Via
775 1709 1021 1769 Aragonia·

287 1824 498 1867 Hactenus
532 1825 583 1868 de
619 1829 798 1870 Puteolis
833 1860 847 1879 ,
887 1827 1020 1883 deque
1059 1825 1166 1867 illius
1220 1826 1332 1868 urbis
1382 1828 1551 1869 vetustis

170 1885 482 1934 monumentis,
513 1884 646 1941 deque
681 1886 876 1928 omnibus
910 1901 1014 1942 quae
1048 1886 1153 1925 intra
1174 1916 1184 1936 ,
1219 1885 1282 1924 vei
1320 1896 1432 1926 extra
1487 1902 1554 1927 ur·

168 1941 265 1983 bem
295 1954 513 1998 supersunt
534 1974 548 1993 ,
586 1943 705 1985 verba
741 1944 943 1996 fecimus3
982 1958 1095 1985 nunc
1130 1943 1183 1984 ad
1210 1942 1286 1982 alia
1328 1943 1557 1987 describen-

175 2000 476 2066 danpergamus
510 2002 628 2054 loca,
690 2013 729 2044 et
761 2004 811 2046 ab
863 2003 1040 2058 antiquis
1094 2001 1327 2053 celebrata,
1372 2018 1558 2062 quaeque

171 2059 398 2101 maioribus
440 2061 589 2102 nostris
623 2062 747 2117 magis
785 2063 825 2104 in
866 2063 998 2120 pretio
1032 2061 1158 2103 fuere.
1187 2060 1254 2104 Ad
1288 2061 1458 2104 Baianas
1475 2063 1558 2120 pri-

175 2131 292 2160 mum
327 2132 469 2160 arenas
510 2118 761 2162 descendere
796 2132 854 2163 est
885 2121 1058 2162 animus.

286 2175 421 2240 ⁵,Sinus
462 2178 716 2221 Puteolanus
751 2181 929 2223 rotunda
965 2190 1023 2222 est
1053 2179 1185 2220 forma
1209 2210 1220 2229 ‚
1256 2189 1295 2220 et
1327 2180 1378 2221 ad
1406 2180 1483 2224 tria
1500 2196 1564 2222 ex-

183 2230 366 2300 tenditur
399 2236 599 2280 milliaria.
634 2237 766 2295 Super
809 2240 885 2281 hoc
921 2239 1016 2280 litus
1050 2239 1150 2280 olim
1188 2237 1362 2281 Romani
1412 2241 1567 2295 magni·

176 2288 274 2331 ficas
303 2291 520 2401 {illasilet
551 2296 732 2343 aedificia
766 2300 913 2357 passim
946 2297 1118 2358 profuso
1147 2298 1233 2339 auri
1263 2298 1443 2357 pondere
1472 2312 1567 2347 cone

338 2364 421 2397 om.
484 2386 493 2398 ,
1195 2361 1218 2398 6
1285 2357 1290 2360 ’
