1920 2579
1331 38 1354 65 Ο

1474 125 1549 170 ῖέ9

185 193 290 235 quae
324 173 549 220 hodiedum
589 188 661 232 per
700 173 802 217 imas
831 174 959 218 valles
995 183 1019 215 a
1053 171 1236 217 Vesuvio
1294 183 1549 232 separantur.

188 237 328 279 Plures
361 233 592 290 adsurgunt
626 233 722 292 pagi
757 230 808 276 ad
843 232 996 275 montis
1016 230 1172 274 radices
1195 262 1208 283 ,
1240 240 1281 273 et
1302 231 1547 274 celebriores

189 303 282 337 sunt
314 296 353 336 S.
388 290 588 346 Georgius
623 295 882 342 Cremanus,
919 291 958 332 S.
998 290 1169 333 Ioannes
1204 288 1447 340 aTeducio,
1470 293 1550 332 Lo-

185 352 400 394 cotrocula
423 381 435 401 ,
471 350 633 391 Pollena
658 380 670 401 ,
700 352 836 392 Massa
887 347 1141 391 Summensis
1163 379 1176 399 ,
1215 348 1340 390 Barra
1362 380 1373 399 ‚
1415 348 1552 390 Ponti-

183 410 328 452 cellius
363 425 384 451 a
417 408 640 466 ponticulis
661 438 675 458 ‚
709 408 778 466 qui
813 409 856 449 in
894 405 1036 449 eodem
1073 416 1188 450 erant
1229 421 1336 464 pago
1358 407 1411 449 ob
1447 406 1550 449 vici-

181 482 251 509 nas
290 476 523 523 stagnantes
551 465 721 525 paludes
745 499 758 518 ,
798 465 1045 508 Porticensis
1066 497 1076 518 ,
1102 474 1142 507 et
1162 465 1391 507 Resinensis
1412 466 1549 516 villae,

184 523 233 568 de
267 526 417 582 quibus
452 535 546 567 ante
579 525 764 580 egimus,
805 525 948 569 Turris
983 525 1143 568 Octava
1171 555 1183 575 ,
1214 523 1357 565 Turris
1397 525 1436 566 S.
1473 524 1557 567 Ma-

179 583 262 626 riae
290 585 338 626 eb
371 585 534 642 Angelo
553 584 836 627 Adnunciatae
861 616 872 635 ,
908 582 1137 632 Boschius‚
1163 580 1311 639 aliique
1342 583 1547 625 nonnulli.

293 643 429 696 Quam
462 644 512 684 sit
543 643 709 698 pulcher
739 643 933 700 adspectu
966 642 1078 683 idem
1130 655 1280 693 mons,
1331 651 1369 681 et
1421 657 1548 698 qnam

177 716 471 755 peramoenum
503 701 693 756 feraxque
724 701 830 743 illius
861 701 1020 753 solum,
1052 699 1183 741 verbis
1233 699 1417 756 profecto
1468 700 1547 740 dici

174 758 283 800 haud
317 769 471 814 potest3
505 759 768 801 nihilominus
800 770 858 800 est
905 758 1007 800 adeo
1050 756 1283 807 horribilis,
1331 767 1378 797 ut
1424 757 1544 813 plura

175 816 452 871 phoenomena
473 848 485 868 ,
516 831 671 875 quae‘a
703 828 846 860 natura
876 816 980 873 gigni
1012 816 1159 867 solent,
1196 814 1414 871 producat.
1435 815 1544 859 Cum

170 876 279 916 enim
312 875 538 927 ignivomus
571 877 651 928 sit,
687 892 733 917 ex
765 891 833 916 ore
867 886 1027 915 tantum
1058 874 1159 927 ignis
1191 874 1344 915 evomit
1393 873 1540 916 identi-

171 930 292 982 dem,
325 931 532 972 bituminis
552 963 565 981 ,
595 933 832 988 sulphuris,
866 931 1075 987 lapidum,
1111 931 1362 987 aliarumque
1406 932 1448 973 id
1476 949 1542 989 ge-

167 1004 244 1031 nus
280 989 536 1030 materiarum
559 1021 572 1040 ,
608 1001 651 1032 ut
685 1005 765 1038 non
799 988 933 1032 solum
965 989 1118 1030 vicinae
1142 1021 1154 1040 ,
1189 989 1260 1031 scd
1305 990 1548 1048 longinquae

177 1063 345 1104 quc-que
378 1048 557 1104 regiones
588 1048 629 1090 in
659 1049 838 1091 cinerem
871 1047 1053 1090 redactae
1083 1047 1134 1088 ab
1167 1048 1382 1105 ignivomis
1416 1050 1546 1092 Vesu-

166 1108 293 1148 vianis
325 1106 512 1148 amnibus
544 1123 732 1164 persaepe
762 1107 925 1150 fuerint.

280 1165 360 1209 Hie
393 1166 488 1207 olim
523 1166 734 1211 videbatur
766 1167 926 1223 penitus
958 1167 1156 1209 extinctus
1177 1198 1188 1220 ‚
1227 1166 1401 1225 ideoque
1431 1167 1529 1209 vici-

1546 1167 1705 1195 vulcaniae
1715 1178 1771 1197 wa-

1545 1204 1624 1229 teriae
1644 1214 1657 1230 a
1671 1211 1770 1239 tempo·

164 1239 237 1266 nae
268 1234 402 1279 gentes
423 1256 435 1276 ,
470 1227 692 1284 populique
725 1239 772 1267 ex
803 1236 997 1282 patrum,
1029 1236 1323 1283 atavorumque
1375 1242 1530 1269 memo·
1545 1240 1618 1265 ribus
1631 1242 1770 1267 vetustissi-

158 1284 217 1325 ria
248 1282 510 1338 conflagrasse
543 1285 753 1340 qnondam
785 1284 1031 1339 narrabant,
1065 1300 1159 1328 cum
1193 1285 1258 1326 illa
1291 1285 1410 1328 etiam
1434 1297 1531 1329 tem—

163 1351 312 1398 pestate
344 1343 479 1384 adhuc
514 1343 614 1398 ignis
647 1345 820 1400 vestigia,
843 1343 1154 1402 vulcanicaeque
1182 1344 1373 1386 materiae
1390 1347 1538 1401 passim

159 1416 281 1455 super
313 1399 504 1444 locorum
541 1402 689 1443 faciem
726 1404 924 1445 extinctae
976 1403 1332 1461 adspectabanturt.
1383 1405 1537 1447 Plinius

158 1460 261 1500 Hist.
296 1461 388 1500 Nat.
423 1459 489 1502 lib.
526 1460 573 1501 11.
606 1476 640 1502 c.
675 1465 697 1503 6
733 1472 772 1502 et
806 1461 953 1505 Strabo
987 1461 1058 1506 lib.
1102 1464 1160 1505 V.
1210 1462 1358 1516 Gfogr.
1411 1464 1532 1506 verba

156 1518 309 1558 faciunt
341 1517 391 1559 de
426 1519 662 1560 Vesuvianis
697 1518 1011 1576 eruptionibuS,
1061 1531 1106 1561 ut
1155 1519 1204 1560 de
1253 1520 1370 1563 rebus
1423 1539 1529 1577 qnae

154 1577 386 1617 coniectura
419 1578 554 1631 potius
590 1577 867 1619 tradebantur·
902 1579 1008 1618 Hinc
1039 1578 1178 1620 scribit
1213 1581 1397 1635 primus:
1433 1582 1528 1625 Λῖρις

142 1636 296 1675 wilmus
332 1642 466 1679 etiam>
496 1647 766 1678 memoratur
797 1637 1024 1694 antiquitus
1057 1643 1281 1690 crevisse,
1319 1650 1359 1679 et
1394 1642 1528 1680 abun-

158 1693 336 1733 davisse
372 1695 448 1735 sub
486 1694 688 1737 Vesuvio
724 1706 900 1747 monle,
939 1706 979 1737 et
1009 1696 1110 1737 inde
1142 1697 1385 1739 evomuisse
1407 1704 1526 1740 circa

151 1764 286 1806 agros
303 1751 482 1802 flamm(
499 1769 550 1793 m.
1013 1782 1019 1785 —

268 1810 378 1849 Haec
409 1820 543 1850 autem
578 1809 666 1850 loca
696 1809 903 1867 quondam
939 1811 1165 1852 vutcanicas
1197 1824 1392 1854 eructasse
1444 1830 1526 1855 rna-

152 1868 268 1908 terias
300 1867 404 1908 circa
440 1868 587 1908 vicinas
619 1870 804 1921 regiones
852 1869 982 1910 fertur
1036 1885 1080 1910 ex
1131 1871 1523 1914 immemorabilibus

149 1925 581 1982 usque-temporibus
636 1927 740 1967 Hinc
785 1927 835 1968 ab
884 1929 1060 1985 antiquis
1119 1932 1247 1983 poetis
1297 1931 1520 1974 fabularum

145 1996 233 2034 est,
271 1985 481 2039 Phlaegrae
514 1985 612 2027 olim
644 1987 818 2041 gigantes
850 1986 888 2025 in
926 1986 1031 2028 hisce
1083 1987 1181 2027 l'ocis
1233 1989 1317 2031 Iovi
1367 1990 1522 2033 bellum

147 2044 330 2085 intulisse
353 2078 365 2097 ‚
400 2054 438 2084 et
472 2043 521 2083 ab
554 2045 730 2086 Hercule
762 2042 983 2087 debellatos
1017 2046 1054 2086 in
1086 2046 1181 2101 ipsis
1232 2048 1438 2090 montibus
1473 2049 1518 2090 il-

144 2103 205 2143 los
237 2104 387 2143 catenis
421 2102 540 2143 fuisse
572 2105 822 2145 constrictos·
859 2104 913 2145 Et
946 2119 986 2144 re
1016 2119 1110 2144 sane
1162 2121 1250 2146 vera
1283 2109 1312 2147 si
1364 2107 1517 2149 fabulas

141 2177 164 2200 e
199 2161 332 2202 medio
365 2162 552 2203 tollamus
575 2193 587 2210 ‚
622 2162 807 2217 profecto
835 2163 1106 2218 reperiemus,
1141 2164 1376 2218 Vesuvium,
1414 2166 1515 2208 Vul-

142 2220 230 2262 cani
264 2222 414 2260 Forum
439 2252 449 2272 ,
483 2235 551 2262 seu
600 2220 911 2277 Sulphurariam
962 2237 1089 2278 prope
1138 2222 1360 2275 Puteolos,
1407 2225 1517 2281 Epo-

124 2292 306 2325 rmaeum
331 2289 527 2329 montem,
548 2279 657 2337 apud
690 2280 962 2331 Pithecusam,
997 2290 1034 2322 et
1050 2280 1212 2323 AEtnam
1232 2283 1358 2339 ipsam
1384 2285 1516 2339 ignem

1541 1277 1590 1304 mjs
1610 1277 1760 1305 existentes.
