1920 2579
1445 180 1459 208 ¹
1498 182 1523 222 7

257 229 368 270 Haec
398 229 531 284 Appia
566 226 722 269 viarum
744 225 879 282 regina
926 223 998 268 ubi
1030 225 1080 269 ad
1114 226 1394 267 Beneventum
1432 183 1524 281 pii-

143 287 343 337 veniebat,
375 287 413 327 iu
449 287 552 328 duos
584 285 872 340 seiungebat’ur
895 284 1138 342 ramos‚qui
1166 284 1288 324 ambo
1325 283 1525 325 Brundu-

142 348 245 386 sium
279 346 506 395 ducebant,
545 344 798 398 longissimae
846 343 931 383 viae
974 355 1138 385 metam.
1172 343 1292 384 Unus
1339 358 1385 383 ex
1419 342 1526 384 hisce

147 405 273 444 ramis
320 420 390 460 per
430 405 661 444 interiorem
709 400 883 458 Apuliae
921 413 1080 459 partem
1128 401 1427 458 perveniebat:
1469 402 1525 441 al-

142 471 202 502 ter
237 476 394 515 semper
427 477 536 502 mare
569 476 716 501 versus.
749 460 908 503 Ambae
949 462 1032 502 viae
1067 476 1088 500 a
1132 460 1330 500 Strabone
1377 459 1524 501 deseri*

145 520 299 560 buntur
329 519 397 561 lib.
431 521 482 561 V.
516 519 663 574 Geogr.
697 529 735 559 et
765 534 787 560 a
820 518 1066 576 quibusdam
1118 518 1387 574 scriptoribus
1425 533 1524 559 con·

144 577 255 617 susae
287 578 399 620 fuere
419 615 431 632 ‚
463 594 555 619 cum
590 577 746 618 easdem
783 576 921 618 ambas
953 578 1130 634 Appiam
1164 577 1285 618 simul
1320 577 1522 618 existima-

147 637 242 677 rint.
277 638 356 677 Via
404 637 526 692 igitur
559 636 743 678 marinna
776 648 862 678 erat
893 636 955 677 illa
977 667 988 688 ,
1037 650 1144 692 quae
1179 634 1356 692 Egnatia
1412 650 1524 676 voca-

143 693 263 735 batur
285 730 299 750 ‚
334 698 486 752 quippe
519 711 621 750 quae
651 695 701 734 ad
754 695 895 737 urbem
936 694 1152 749 Egnatium
1176 725 1188 744 ,
1233 709 1341 734 nunc
1393 698 1525 735 Torre

145 753 188 792 αἶ’
209 752 420 811 Agtzazzo
450 754 639 797 veniebat
671 753 765 795 XX.
817 755 976 795 circiter
1009 755 1067 796 M.
1106 756 1148 794 P.
1198 768 1218 792 a
1272 752 1525 795 Brundusio.

141 810 253 851 Haec
287 814 349 853 via
383 814 502 854 etiam
548 812 719 853 Traiana
766 811 870 853 dicta
921 812 1028 864 fuit,
1081 827 1103 852 a
1135 811 1315 870 Traiano
1372 825 1523 853 nomen

143 869 358 912 desumens
381 903 394 921 ‚
426 872 495 928 qui
529 871 980 916 eandemsestauravit.
1015 871 1155 912 Altera
1188 870 1378 921 interior,
1414 885 1522 926 quae

139 930 302 983 proprie
335 932 470 987 Appia
510 940 568 970 est
599 928 769 970 dicenda
789 961 803 981 ‚
852 944 933 970 non
970 928 1084 986 quod
1116 928 1166 970 ab
1201 927 1344 970 eodem
1377 929 1520 985 Appio

141 983 315 1028 Claudio
345 989 432 1029 heic
467 988 546 1030 loci
576 988 698 1031 fuerit
729 1000 888 1031 extensa
908 1018 924 1039 ,
962 986 1034 1029 sed
1085 989 1182 1044 quia
1213 986 1395 1028 eiusdem
1435 1000 1522 1030 erat

144 1046 411 1088 continuatio.
447 1047 629 1089 Eandem
668 1046 729 1089 via
763 1047 953 1089 marinna
983 1046 1258 1103 antiquiorem
1288 1046 1409 1086 fuisse
1441 1047 1523 1086 exi-

136 1102 337 1145 stimatur.
389 1106 498 1147 Haec
538 1108 731 1148 viatorem
769 1122 840 1163 per
872 1105 1033 1161 Irpinos
1087 1104 1263 1147 ducebat
1303 1103 1359 1145 ‘ad
1408 1105 1522 1146 Aufi-

144 1159 246 1219 dum
289 1178 416 1219 usque
445 1164 629 1211 flumen:
681 1164 777 1206 hinc
826 1179 898 1221 per
932 1162 1301 1207 latus„dexterum
1347 1163 1522 1219 Apuliae

146 1218 378 1263 Venusium
412 1222 631 1264 veniebat.-
663 1222 782 1264 -Inde
831 1237 902 1278 per
944 1220 1260 1277 Apenninorum
1312 1221 1520 1264 montium

142 1275 345 1320 desteram
384 1297 455 1336 per
489 1282 725 1339 Messap105‚
757 1292 796 1323 et
827 1281 1089 1331 Tarentinos,
1121 1292 1161 1322 et
1191 1279 1358 1322 tandem
1389 1280 1522 1323 Brun-

143 1334 307 1378 dusium
341 1340 456 1395 quod
488 1340 660 1396 opidum
710 1351 891 1383 extrema
922 1351 1008 1382 erat
1039 1350 1162 1387 meta,
1218 1338 1365 1381 Strabo
1422 1339 1438 1397 (
1474 1352 1520 1382 ut

142 1392 318 1437 diximus
352 1401 366 1452 )
402 1399 452 1439 de
483 1400 592 1440 hisce
609 1401 681 1441 viis
713 1412 943 1440 sermonem
973 1397 1204 1448 instituenti,
1224 1398 1382 1440 easdem
1408 1409 1519 1440 recte

141 1449 404 1508 distinguit,
449 1457 628 1513 Appiam
673 1456 1011 1498 mediterraneam
1063 1455 1269 1512 appellans
1303 1488 1314 1508 ‚
1366 1457 1521 1513 quippe

143 1525 247 1566 quae
294 1528 366 1570 per
413 1515 604 1557 interiora
634 1514 807 1572 Apuliae
851 1516 941 1557 loca
999 1513 1307 1572 produceretur.
1369 1518 1445 1557 Per
1466 1517 1520 1558 E-

140 1569 316 1620 gnatiam
358 1588 456 1614 vero
509 1575 618 1618 viam
660 1574 767 1615 idem
818 1574 1066 1616 maritimam
1113 1571 1326 1627 intelligit,
1362 1589 1520 1629 quaen

142 1625 316 1670 Traiano
362 1631 539 1674 silicibus
577 1632 652 1673 fuit
699 1642 942 1683 constrata,
996 1642 1036 1674 et
1074 1631 1272 1676 milliariis
1315 1631 1518 1674 columnis

140 1700 342 1730 exornata.
378 1693 453 1733 Per
486 1693 589 1732 hanc
621 1691 820 1733 Horatius
857 1706 951 1732 cum
1002 1691 1142 1732 amicis
1177 1690 1253 1730 iter
1296 1690 1512 1742 instituit,

141 1745 295 1802 quippe
325 1750 439 1803 quod
471 1749 621 1790 Trivici
644 1780 658 1800 ‚
681 1779 684 1785 ·
710 1747 1000 1805 AEquotutici‚
1046 1749 1248 1800 Canusii,
1295 1760 1334 1790 et
1380 1750 1520 1792 Rubo-

141 1817 233 1844 rum
269 1808 522 1850 mentionem
555 1808 669 1859 facit,
703 1822 807 1864 quae
837 1806 957 1863 opida
991 1823 1113 1863 super
1144 1807 1219 1847 hac
1248 1806 1416 1850 aderant
1436 1809 1516 1848 via.

141 1859 250 1902 Hinc
282 1867 413 1906 socios
456 1883 504 1908 ne
537 1866 751 1915 desereret,
784 1880 856 1922 per
891 1866 999 1907 viam
1036 1865 1260 1921 longiorem
1294 1880 1404 1907 mare
1437 1878 1522 1909 veri

140 1934 206 1960 sus
239 1931 296 1962 est
332 1939 595 1981 progressus,
636 1939 686 1966 ne
718 1941 790 1982 per
834 1925 1012 1980 Appiam
1050 1924 1390 1965 mediterraneam
1431 1940 1517 1980 pro=

141 1979 229 2034 prie
261 1978 410 2024 dictam
447 1994 638 2040 pergeret.
671 1986 800 2025 Prout
847 1997 945 2024 vero
976 1992 1112 2023 narrat
1145 1980 1253 2024 idem
1284 1983 1520 2026 Venusinus

140 2047 280 2090 vates,
312 2041 566 2098 exploratum
603 2042 829 2094 habemus,
865 2041 972 2089 hanc
1005 2041 1115 2083 viam
1145 2041 1240 2085 satis
1291 2041 1522 2084 incommo-

142 2093 265 2150 dam,
299 2114 515 2144 coenosam
536 2134 546 2154 ‚
579 2111 618 2144 et
649 2101 874 2157 longiorem
909 2114 992 2141 esse
1023 2117 1044 2153 ,·
1076 2098 1427 2157 quandoquidem'
1447 2117 1520 2158 per

139 2152 355 2209 Egnatiam
377 2192 388 2213 ‚
422 2172 491 2202 aut
525 2160 744 2203 Traianam
775 2174 798 2200 a
834 2161 1074 2201 Benevento
1112 2160 1144 2202 si
1177 2157 1275 2215 quis*
1299 2170 1400 2201 esset
1430 2175 1519 2217 pro-

139 2211 301 2270 fectus,
336 2220 621 2262 Brundusium
652 2234 780 2277 usque
812 2218 978 2261 CCXV.
1019 2217 1078 2258 M.
1115 2219 1162 2261 P.
1197 2228 1472 2260 numerantur
1494 2251 1510 2271 ,

139 2280 178 2310 et
209 2289 280 2328 per
311 2278 509 2334 Appiam,
546 2294 614 2320 seu
653 2277 991 2321 mediterraneam
1016 2276 1189 2319 CLXX.
1224 2276 1385 2319 circiter
1403 2289 1517 2323 sunt.

137 2327 295 2377 Tullius
327 2352 421 2383 vero
451 2339 589 2388 Attico
621 2336 799 2382 scribens
828 2335 898 2380 lib.
929 2335 1046 2379 XVI.
1078 2350 1140 2394 ep.
1173 2336 1225 2391 II,
1257 2334 1328 2380 ubi
1360 2336 1410 2380 de
1441 2336 1516 2379 hac
