1920 2579
419 213 711 288 LIBER
753 210 1307 287 SECUNDUS.

624 389 1086 433 PROOEMIUM.

169 541 283 615 Aa
317 578 473 606 arenas
514 564 564 606 V
561 567 789 604 esa-vianas
819 576 935 606 nunc
956 559 1229 603 descendere
1251 563 1338 614 fas
1356 570 1431 615 est,
1456 577 1542 621 quo

169 624 429 682 magnificas
453 623 562 662 -olinz
593 623 679 663 illic
709 622 861 673 urbes,
897 635 1014 662 nunc
1045 634 1152 662 vero
1177 630 1278 677 post
1315 630 1374 662 tot
1391 636 1543 663 saecu-

172 684 308 722 lorum
342 681 672 737 longaevitatem
708 679 964 720 eruderatas
995 684 1163 721 attentis
1185 681 1327 722 Oculis
1344 679 1545 721 animad-

169 750 400 779 vertamus.
434 739 555 778 Hinc
590 751 670 777 nos
695 738 883 790 primum
913 736 1184 778 Herculanei
1200 769 1216 788 ,
1277 747 1318 778 et
1367 738 1544 791 Pompe-

172 799 305 838 iorum
343 796 520 837 lectoris
547 797 598 837 ob
636 795 789 836 oculos
824 794 1064 852 originem:
1099 794 1202 836 inde
1235 799 1385 837 ruinas
1418 796 1545 838 aVe-

171 859 296 895 suvio
334 863 454 894 actas
468 868 791 908 proponemus3
830 854 932 893 hinc
951 853 1141 905 templa,
1183 853 1346 902 domos,
1380 855 1547 895 urbium

168 913 295 951 vias:
332 911 433 950 hine
466 920 523 951 tot
546 925 650 951 aera
672 940 687 959 ,
728 924 784 950 ao
829 923 1082 959 marmora,
1131 917 1192 949 tot
1230 912 1541 966 anagiyptioas

168 969 333 1008 tabulas
357 998 369 1017 ,
399 973 513 1008 vasa
533 998 548 1018 ,
583 969 779 1021 scalptas
805 980 1005 1023 gemmas
1044 966 1336 1010 describemus
1356 999 1372 1018 ,
1428 983 1540 1025 quae

167 1034 313 1066 erutae
348 1040 408 1065 ex
451 1026 616 1066 duobus
644 1025 922 1066 nobilissimis
956 1024 1097 1081 opidis
1117 1026 1287 1077 fuere,
1333 1034 1375 1066 et
1415 1025 1540 1068 Nea-

163 1085 407 1139 politanum
440 1084 732 1125 Borbonicum
763 1083 972 1125 Museum
1002 1084 1112 1126 adeo
1145 1086 1480 1140 locupletarunt,
1497 1096 1542 1128 ut

171 1142 283 1182 illud
311 1147 435 1183 totius
467 1145 576 1184 orbis
613 1143 941 1184 celeberrimum
975 1147 1029 1184 sit
1047 1144 1251 1186 habitum.
1274 1142 1541 1185 miraculum

168 1201 246 1242 lcoc
278 1200 404 1241 dubio
428 1202 592 1256 procul
625 1210 804 1243 naturae
816 1201 1060 1257 putandum
1080 1235 1093 1254 ,
1124 1202 1239 1260 quod
1249 1212 1348 1257 post
1367 1211 1427 1243 tot
1442 1218 1541 1244 sae-

164 1260 260 1299 cula
294 1260 418 1300 urbes
445 1267 638 1318 integrae
673 1262 801 1319 qnasi
829 1260 982 1303 eadem
989 1263 1172 1313 forma,
1213 1261 1454 1319 iisdemque
1475 1277 1543 1304 ae-

164 1317 320 1371 dificiis
370 1318 430 1358 ad
462 1335 543 1361 nos
594 1334 729 1377 usque
769 1334 1031 1373 pervenere:
1084 1321 1319 1377 Quaenam
1376 1322 1496 1378 regio
1519 1353 1534 1373 ,

163 1376 375 1432 quodnam
407 1392 615 1434 regnum,
648 1383 820 1436 quinam
852 1388 1062 1420 terrarum
1103 1379 1218 1420 orbis
1247 1380 1430 1435 angulus
1462 1381 1540 1420 lia-

164 1437 230 1474 bet
262 1435 406 1475 adhuc
437 1437 562 1476 urbes
598 1437 790 1493 integras
822 1439 998 1493 longam
1029 1452 1149 1492 pone
1198 1439 1538 1491 tempestatem?

162 1491 421 1533 Laudabunt
455 1494 571 1535 aliae
609 1505 758 1552 gentes
791 1505 847 1537 tot
871 1497 1134 1550 Praeclaras
1152 1505 1338 1537 naturae
1358 1526 1371 1548 ‚
1406 1506 1446 1537 et
1466 1511 1537 1537 ar-

160 1556 210 1592 tis
239 1565 336 1592 cum
377 1561 570 1594 vetustas
593 1587 606 1606 ,
640 1563 729 1594 tum
762 1563 955 1595 recentes
1001 1553 1379 1612 magnificentias5
1414 1553 1538 1595 Nea-

156 1609 398 1661 politanum
436 1625 534 1653 vero
567 1612 706 1652 solum
740 1611 757 1669 ζ
798 1622 842 1653 ut
879 1621 938 1653 tot
966 1614 1056 1653 alia
1088 1617 1382 1668 cuiuscunque
1399 1627 1534 1670 gene-

158 1672 218 1706 ris
251 1682 377 1722 opera
409 1679 737 1724 praetereamus
768 1673 788 1726 )
827 1672 957 1712 hasce
990 1670 1101 1712 duas
1140 1672 1262 1712 urbes
1285 1685 1427 1727 nuper
1443 1687 1539 1713 eru-

160 1724 333 1765 deratas
372 1736 523 1767 servat
567 1728 705 1770 adhuc
728 1761 742 1780 ‚
794 1744 906 1786 quae
932 1731 1130 1784 profecto
1179 1730 1316 1769 cuivis
1348 1732 1537 1770 antecel-

162 1782 253 1823 lunt
287 1785 513 1825 miraculo·
551 1785 832 1827 Vesuvianae
874 1787 1242 1842 conflagrationes
1263 1817 1275 1836 ,
1309 1798 1347 1826 et
1361 1793 1537 1840 praeci-

157 1856 246 1893 pue
284 1846 431 1895 prima
477 1857 585 1899 quae
636 1844 795 1885 accidit
833 1844 916 1885 Titi
963 1858 1106 1895 aevo,
1154 1844 1482 1887 Herculaneum
1513 1877 1526 1896 ‚

160 1898 473 1957 Pompeiosque
507 1904 632 1942 urbes
670 1902 730 1943 ad
762 1917 843 1942 nos
878 1917 1012 1960 usque
1047 1911 1187 1942 sar-tas
1209 1911 1427 1960 lectasque
1446 1918 1535 1944 set·-

159 1963 292 1999 vavit.
326 1958 487 1999 Nonne
513 1960 638 2016 igitur
657 1992 672 2011 ‚
718 1969 761 2001 ut
776 1965 833 2001 ita
853 1960 1014 2010 dicam,
1038 1960 1226 2002 Vesuvio
1243 1971 1387 2017 grates
1404 1977 1535 2018 agen-

161 2013 271 2057 dae?
310 2017 434 2072 Quae
465 2032 565 2058 cum
594 2024 652 2060 ita
681 2023 793 2070 sint,
845 2020 1016 2076 singula
1054 2019 1161 2059 haec
1194 2020 1382 2060 secundo
1405 2021 1531 2075 libro,

158 2075 302 2128 quoad
331 2077 373 2115 in
406 2076 529 2118 nobis
565 2082 691 2118 situm
722 2083 798 2119 erit
821 2108 833 2128 ‚
867 2078 1043 2120 lectoris
1082 2079 1130 2118 ob
1155 2079 1304 2119 oculos
1328 2109 1341 2130 ,
1397 2094 1535 2121 aven·

159 2132 367 2180 aemio
405 2133 710 2178 describemus·
