1920 2579
1474 116 1529 159 28

178 175 254 216 lire
288 173 479 231 coepisse;
513 171 625 215 Hine
658 170 715 215 ait
745 180 907 228 tempus
947 169 1095 214 certius
1142 167 1433 214 stabiliendum
1466 130 1558 225 essg

143 273 157 286 -‚
182 230 440 287 subRegina
471 230 625 275 loa-nna
658 231 688 281 l.
719 228 995 284 Andegavensi
1018 261 1031 279 ,
1069 245 1173 287 quae
1202 231 1380 285 regnavit
1398 230 1449 272 ab
1489 246 1554 275 anf

183 305 239 333 no
270 290 564 342 MCCCXLIV
595 289 646 331 ad
678 287 1056 332 nil-CCCLXXXII.
1092 291 1150 330 At
1183 288 1420 336 Mazochius
1438 288 1550 332 idem

184 348 338 390 Tutinii
376 349 416 389 in
453 349 638 391 Vitas.
672 347 755 395 Ian.
785 346 905 388 affert
936 342 1251 397 auctoritatem‘,
1295 361 1342 388 ex
1358 361 1436 402 qua
1466 347 1549 390 col-

182 405 355 462 ligitur,
392 406 594 461 quendam
630 406 669 448 S.
704 405 975 460 Peregrinium
1006 403 1239 448 Malcholmi
1288 404 1358 446 ΙΙΙ.
1412 404 1551 448 Scoto-

183 478 278 505 rum
312 463 429 519 Regis
461 463 592 506 filium
613 465 711 506 loca
747 463 924 504 invisisse
954 477 1067 505 sacra
1089 494 1101 516 ‚
1129 475 1168 505 et
1199 464 1296 505 hine
1337 461 1554 519 Neapolim

184 522 411 578 pervenisse
430 557 445 577 ,
476 522 546 568 ubi
579 522 726 571 Cruori
757 519 887 562 adfuit
904 520 1153 576 liquescenti.
1185 521 1265 562 Hic
1304 518 1346 563 S.
1377 522 1554 577 Peregri-

184 581 275 620 nius
294 610 305 631 ‚
340 592 463 637 prout
496 581 634 637 prodit
678 579 867 635 Tutinius
886 609 899 630 ‚
930 579 1145 635 Neapolim
1162 579 1324 621 advenit
1347 579 1450 621 circa
1474 595 1555 622 sae-

182 637 324 679 culum
356 638 430 680 XI.
464 654 557 681 cum
592 639 699 679 iuxta
730 637 906 679 eundem
933 647 1145 680 auctorem
1192 638 1273 679 iam
1322 638 1554 693 incoeperat

184 694 443 750 liquescentis
460 692 627 739 Cruoris
659 696 862 753 periodus.
896 695 1131 738 Mazochius
1162 696 1318 737 Tutinii
1348 695 1466 736 affert
1484 710 1554 738 au—

185 753 412 797 ctoritatem
441 757 651 797 collectam
677 754 748 795 ‘ab
779 769 903 810 opere
935 754 1020 795 MS.
1055 756 1162 812 Lupi
1185 754 1234 796 de
1248 753 1442 811 Spechiis.
1463 755 1554 795 Hu-

186 811 294 852 iusce
332 828 427 856 vero
458 815 497 856 S.
531 813 746 868 Peregrinii
781 827 928 854 nomen
967 813 1166 854 incertum
1193 822 1280 854 est:
1315 812 1392 853 hoc
1424 827 1555 853 uuum

186 871 362 922 scimus,
397 875 531 927 ipsum
564 888 640 929 per
676 873 802 912 varias
840 881 1039 912 terrarum
1077 871 1187 915 orbis
1218 880 1351 928 partes
1388 872 1554 927 peregri-

187 939 330 987 narum
370 929 488 972 fuisse
518 932 620 972 circa
652 929 856 971 saeculum
886 929 957 971 XI.
988 939 1109 985 atque
1140 931 1235 970 hinc
1265 928 1395 969 eidem
1436 931 1555 970 Pere-

190 987 305 1040 grinii
337 1002 485 1030 nomen
524 988 701 1031 inditum
731 988 864 1029 fuisse.
1238 1028 1240 1031 ,
1549 1028 1554 1031 ,
1588 1026 1594 1031 ,

310 1047 365 1086 At
396 1047 559 1088 interim
606 1045 833 1090 laudandus
873 1044 980 1086 haud
1021 1055 1084 1088 est
1113 1046 1294 1102 scriptor
1336 1045 1549 1102 iste‚fflqui

189 1103 227 1142 S.
262 1105 439 1152 Ianuarii
481 1104 744 1162 liquescentis
794 1103 964 1145 Cruoris
997 1112 1157 1159 tempus
1186 1105 1316 1146 'fuisse
1368 1106 1554 1144 autumat

189 1161 366 1202 anterius
399 1162 509 1212 hoc,
543 1166 594 1203 de
627 1177 708 1218 quo
740 1160 951 1216 loquimur
971 1191 983 1210 ,
1016 1160 1125 1217 quod
1171 1163 1305 1202 multo
1355 1163 1556 1217 posterius

190 1229 250 1259 est
285 1220 423 1275 utique
457 1220 739 1261 credendum:
771 1217 1233 1261 hinc‘concludendum
1267 1218 1391 1260 huius
1414 1220 1450 1259 S.
1491 1220 1560 1260 Pe-

190 1276 356 1334 regrinii
391 1277 602 1319 historiam
633 1292 716 1318 esse
748 1277 919 1317 omnino
955 1278 1237 1333 apogrypham
1257 1309 1268 1328 ‚
1300 1288 1338 1318 et
1362 1292 1448 1318 esse
1481 1277 1553 1317 fal-

189 1350 279 1376 sum
313 1336 531 1390 Sanguinis
578 1346 739 1391 tempus
760 1364 772 1383 ,
825 1334 881 1375 uti
915 1333 1090 1377 habetur
1121 1349 1167 1376 ex
1201 1334 1374 1377 huiusce
1416 1335 1557 1378 Sancti

192 1393 290 1436 vita.

306 1449 411 1492 Cum
447 1450 569 1505 igitur
600 1450 714 1491 nulla
746 1449 826 1492 alia
857 1449 976 1492 nobis
1024 1448 1158 1495 faveat
1198 1450 1394 1509 scriporis
1449 1450 1554 1491 anti-

195 1509 348 1565 {uioris
377 1510 615 1559 auctoritas,
636 1509 799 1550 nullum
816 1508 928 1551 aliud
960 1518 1084 1551 restat
1114 1518 1276 1552 certum
1312 1523 1556 1550 monumen-

190 1576 280 1610 tum
300 1598 314 1619 ,
353 1581 476 1624 quam
508 1566 655 1610 AEneas
686 1567 835 1609 Silvius
856 1598 868 1621 ,
901 1567 971 1624 qui
992 1567 1132 1611 floruit
1164 1582 1273 1611 anno
1306 1566 1555 1612 MCCCCL.

181 1802 217 1825 c.
244 1790 280 1826 5.
320 1792 482 1839 primam,
513 1791 761 1828 ebullitionem
811 1791 971 1826 evenisse
1008 1789 1122 1826 credit
1160 1801 1257 1825 anno
1302 1787 1553 1824 MDXLvui.

189 1840 298 1889 idque
325 1841 367 1875 P.
394 1841 484 1875 Botii
516 1840 639 1889 probat
682 1842 889 1877 auctoritato
930 1842 965 1875 in
1006 1853 1112 1889 opere
1149 1840 1316 1887 inscripto
1354 1838 1401 1873 de
1428 1837 1551 1885 Signis

185 1890 390 1926 Ecclesiae.
418 1892 456 1925 lu
487 1891 552 1926 hoc
581 1891 726 1927 laudato
754 1905 860 1940 opere
889 1890 1077 1926 cuiusdam
1105 1890 1246 1924 Ioannis
1262 1888 1437 1937 Baptis'tae
1464 1887 1549 1923 Fre—

189 1942 265 1988 gosi
294 1941 404 1977 Ducis
430 1941 626 1976 Genuensis
653 1942 845 1977 adducitur
870 1941 1058 1976 auctoritas
1077 1968 1086 1985 ,
1115 1941 1176 1989 qui
1205 1938 1392 1988 Neapolim
1442 1936 1554 1973 adve-

190 1990 244 2026 nit
264 2018 273 2034 ‚
303 2000 337 2026 et
364 1990 403 2026 S.
433 1993 596 2039 Martyris
623 1991 805 2028 historiam
834 1991 1068 2027 elucubravit.
1096 1991 1128 2026 Is
1155 1990 1250 2024 enim
1278 1988 1373 2038 apud
1400 1988 1439 2022 P.
1485 1987 1555 2023 Bo-

190 2040 280 2075 tium
309 2050 451 2084 narrat„
482 2040 546 2076 lioc
574 2042 801 2090 liquescentis
828 2041 980 2077 Cruoris
1009 2041 1225 2081 miraculum
1261 2038 1421 2074 evenisse
1466 2040 1555 2073 circa

191 2090 413 2138 praedictum
442 2104 578 2132 annum
608 2091 855 2128 MDXLVIII.
884 2091 1024 2126 At.n0s
1051 2092 1171 2140 potius
1190 2089 1362 2125 Mazochii
1385 2088 1468 2123 fidei
1497 2089 1557 2122 ad-

190 2141 402 2187 stipulamur
426 2167 434 2183 ,
465 2143 524 2188 qui
558 2152 680 2191 utpote
710 2141 1014 2190 diligentissimus
1034 2170 1044 2185 ‚
1070 2149 1105 2177 et
1130 2141 1327 2189 patriarum
1366 2139 1556 2187 antiquina-

190 2197 266 2223 mm
296 2191 577 2227 accuratissimum
605 2198 728 2227 auctor
754 2192 821 2228 hoc
847 2189 969 2226 haurit
997 2191 1222 2243 liquescentis
1249 2189 1393 2227 Cruoris
1421 2197 1556 2225 certis-iu

189 2245 330 2287 tempus
358 2240 634 2279 eviduuissiinis
663 2255 703 2277 ex
731 2240 986 2279 monumentis.
