1920 2579
1473 114 1552 155 183

181 173 377 232 temporis
411 171 624 231 progressu
672 182 881 228 tamquam
918 170 1055 213 divam
1105 171 1210 214 cives
1263 169 1423 214 honore
1454 180 1551 211 sunt

184 234 397 289 prosecuti.
433 235 489 273 At
521 229 725 289 quidquid
756 230 799 271 id
831 231 887 272 rei
919 240 1009 282 est,
1047 229 1153 271 illud
1188 243 1264 287 pro
1281 240 1392 271 certo
1425 228 1549 270 habe-

186 302 277 345 tur,
314 292 564 344 Eumelum,
595 300 634 331 et
668 289 953 345 Parthenopen
988 289 1164 344 regionis
1197 289 1318 330 huius
1362 298 1406 329 ut
1463 287 1562 328 deos

183 352 420 407 praecipuos
454 365 536 390 esse
571 348 740 390 habitos.
775 348 844 390 Ad
875 349 979 388 hanc
1010 364 1098 391 rem
1131 349 1317 407 primum
1343 345 1558 390 ostenden-

185 407 280 451 dam
312 419 465 453 vetusta
503 408 601 449 haec
634 418 790 465 prostat
823 407 1085 465 epigraphes:

479 524 729 562 ETMHAON
760 554 768 562 .
798 524 939 561 ΘΕΟΝ
971 555 978 562 .
1011 524 1262 563 ΠΑΤΡΩΟΝ

526 575 814 613 ΦΡΗΤΟΡΣΙΝ
844 603 851 611 .
881 575 1224 614 ΕΥΜΗΛΕΙΔΩΝ

613 626 645 661 Τ
677 655 685 663 .
716 625 935 664 ΦΛΑΒΙΟΣ
965 653 973 661 .
1004 625 1128 663 ΠΙΟΣ

536 675 860 716 ΦΡΟΝΤΙΣΤΗΣ
891 705 898 713 .
927 676 1211 713 ΑΝΕΘΗΚΕΝ

533 726 650 766 {TN
677 754 687 764 .
716 727 762 765 Τ.
789 726 1000 763 ΦΛΑΒΙΩΙ
1031 754 1040 765 ,
1070 727 1186 763 ΠΙΩΙ

579 785 581 787 ’
762 776 976 814 ΤΕΚΝΩΙ.

180 889 259 930 hoc
293 898 350 929 est
383 886 584 929 Eumelo.
622 887 712 928 deo.
745 887 904 942 patr-io.
942 886 1161 928 Plzmtt'ia.
1197 884 1562 931 Eumelidarum.

184 946 231 987 T.
271 946 467 986 Flavius.
514 946 799 987 Plu-omines.
841 944 859 1002 (
893 943 995 985 idest
1026 943 1216 998 curator)
1244 945 1402 999 posuit.
1449 960 1561 989 cum.

188 1004 292 1045 Tito.
329 1002 501 1044 Flavio,
520 1003 638 1055 fili0.

297 1061 442 1104 Eidem
474 1061 596 1102 etiam
630 1059 879 1116 Parthenopi
930 1061 1105 1103 maiores
1156 1070 1318 1102 nostros
1360 1063 1565 1119 templum

181 1121 330 1164 dicasse
361 1131 495 1162 narrat
528 1120 673 1162 Strabo
705 1119 776 1161 lib·
808 1122 865 1162 V·
900 1117 1050 1176 Geogr.
1087 1133 1176 1178 pag.
1212 1121 1310 1177 376.
1343 1121 1437 1162 Hoc
1470 1132 1569 1165 cum

182 1180 402 1237 sepulchro
435 1179 570 1221 adhuc
603 1178 763 1222 extabat
793 1193 868 1221 suo
899 1193 1029 1221 aevo:
1074 1179 1171 1221 huic
1218 1178 1380 1221 numini
1412 1182 1567 1223 oraculi

181 1238 297 1282 iussu
327 1239 567 1298 gymnicum
602 1249 809 1280 certamen
841 1237 1138 1295 celebrabatur.

294 1299 531 1356 Antequam
565 1297 642 1339 alio
673 1296 1020 1355 progrediamur3
1051 1299 1164 1340 iuvat
1184 1297 1425 1350 advertere,
1461 1314 1567 1356 quae

182 1357 346 1412 scripsit
397 1355 559 1399 Solinus
592 1355 777 1416 Polysth.
809 1371 844 1398 c.
881 1369 909 1398 2
939 1356 991 1398 de
1023 1356 1227 1416 Neapoli:
1278 1357 1564 1411 Parthenope

180 1431 208 1458 a
260 1416 582 1471 Plzartlzenopis
625 1416 796 1459 Sirenis
845 1416 1107 1471 sepulchre),
1153 1432 1287 1476 quam
1338 1415 1567 1474 Augustus

172 1485 333 1530 postea
368 1474 610 1531 Neapolim
644 1490 741 1518 esse
788 1475 954 1516 maluit.
1003 1475 1085 1516 Hic
1117 1478 1228 1518 enim
1279 1485 1425 1517 auctor
1460 1476 1566 1517 hanc

179 1534 326 1576 urbem
357 1545 546 1576 autumat
577 1534 628 1576 ab
679 1536 866 1590 Augusto
899 1533 954 1574 ita
1002 1533 1153 1575 dictam
1175 1567 1190 1587 ,
1227 1534 1343 1592 quod
1399 1534 1566 1591 quidem

177 1592 325 1635 falsum
357 1594 526 1635 omnino
558 1605 628 1635 est:
666 1608 760 1636 nam
777 1608 822 1633 ex
839 1592 1049 1635 Strabonis
1066 1592 1191 1635 citato
1217 1596 1308 1635 loco
1330 1624 1340 1644 ,
1369 1595 1568 1635 aliorum-

178 1668 257 1708 que
289 1653 535 1710 scriptorum
569 1651 810 1696 testimoniis
840 1651 933 1693 satis
965 1653 1109 1709 liques,
1134 1653 1238 1694 hanc
1264 1652 1406 1693 urbem
1440 1663 1559 1693 antea

178 1711 394 1766 Neapolim
427 1712 644 1752 vocitatam
667 1744 678 1764 ‚
713 1722 751 1753 et
784 1711 926 1753 multo.
950 1722 1043 1752 ante
1076 1713 1250 1767 Augusti
1285 1725 1454 1753 aevum.
1488 1712 1560 1753 Vi-

179 1768 282 1809 desis
313 1784 416 1824 quae
434 1767 641 1810 adnotavit
657 1770 916 1811 doctissimus
934 1769 1209 1810 Salmasiusiu
1232 1771 1341 1810 hunc
1371 1770 1525 1810 locum.

300 1828 437 1883 Atque
470 1826 567 1868 haec
598 1828 693 1868 satis
723 1828 862 1884 quoad
895 1826 1185 1884 Neapolitanae
1206 1827 1317 1869 urbis
1338 1827 1557 1883 originem,

180 1895 218 1927 et
252 1886 546 1942 Parthenopen
580 1895 748 1943 spectat.
