1920 2579
1420 106 1490 148 151

138 167 249 227 quod
284 168 505 217 ,hactenus
537 195 545 204 .
580 194 592 206 .
626 194 636 204 .
672 193 681 203 .
715 161 967 213 custodisti,
1018 161 1185 203 Ioanni
1236 162 1291 201 de
1338 163 1500 208 Αιηαιό

121 227 266 282 fideli
305 234 449 265 nostro
485 223 715 280 assignes,
754 229 797 262 at
826 221 937 262 illud
965 226 1074 262 sicut
1106 220 1314 275 expedit,
1364 232 1403 261 et
1438 227 1494 265 μί.

136 286 270 335 derit,
296 284 436 339 faciat
476 281 700 330 odmari„
739 289 779 321 et
809 281 996 333 disponi.

254 342 318 382 Ex
349 341 475 382 Medii
508 341 601 383 AEvi
649 339 772 378 etiam
820 336 1089 392 scriptoribus
1137 338 1316 389 scimus,
1367 341 1501 395 plures

136 401 257 440 fuisse
287 399 385 441 olim
418 402 457 438 in
491 399 569 438 hoc
602 397 830 438 Lucullano
873 397 1028 449 Castro
1072 396 1297 445 Ecrlesias‚
1352 409 1397 438 ut
1444 400 1511 440 illa

136 461 176 501 S.
210 458 331 512 Sergii
359 488 371 506 ,
404 467 441 497 et
474 456 654 505 Bacchi,
689 466 729 495 et
760 455 834 496 alia
868 455 907 494 S.
940 454 1100 496 Nicolai
1136 455 1151 511 (
1179 465 1288 495 utex
1320 454 1358 497 S.
1391 458 1512 505 hilia-

137 531 211 556 nae
261 516 541 555 Translatioue
591 525 684 554 ante
733 514 1050 568 significavimus
1094 515 1113 563 )
1166 513 1206 552 S.
1269 513 1507 568 Michaelis,

136 576 175 616 S.
214 574 316 614 Petri
339 604 352 622 ‚
391 583 436 614 ut
467 582 625 614 constat
655 587 702 612 ex
733 573 774 614 S.
806 571 954 613 Leonis
1004 569 1196 626 epistolis.
1249 572 1343 611 Fuit
1390 576 1513 617 etiam

137 633 175 673 S.
208 631 387 672 Severini
420 631 716 671 Monasterium
751 629 816 687 (1)
850 645 944 672 curn
979 629 1159 670 Ecclesia
1180 661 1191 681 ‚
1215 631 1395 685 aliaeque
1413 647 1513 674 non-

133 690 300 738 nullae,
332 705 379 730 ex
423 689 524 746 quib
557 705 574 730 s
625 690 811 745 profecto
851 690 1062 743 arguitur,
1106 689 1265 730 easdem
1314 690 1512 733 -Ecclesias

137 764 219 789 esse
257 750 434 804 potuisse
481 750 525 803 p‘
587 749 645 788 rie
695 748 734 787 in
780 747 1012 789 Lucuilano
1054 747 1231 797 Castro,
1282 746 1351 787 ubi
1403 747 1517 792 locus

141 808 237 849 satis
266 816 452 847 extensus
483 820 567 846 esse
596 805 739 847 debuit
769 806 821 847 ad
853 821 918 847 eas
949 820 1091 846 omnes
1122 805 1338 856 Basilicas,
1360 817 1400 847 et
1417 810 1510 850 Mo-

141 865 316 911 nasteria
345 864 606 905 continenda.
650 866 737 906 Nec
768 880 864 906 vero
896 864 1061 906 illorum
1095 865 1322 919 patriorum
1343 865 1506 920 scripto-

138 937 232 965 rum
271 923 374 962 valet
404 922 576 978 opinio,
607 937 629 963 a
662 920 812 979 quibus
848 922 1071 977 Megariam
1117 922 1291 963 insulam
1332 922 1512 966 creditur

137 996 183 1023 ex
220 981 504 1022 Romanorum
536 991 753 1036 tempore,
788 991 827 1022 et
859 982 1097 1037 praesertim
1129 980 1267 1023 Medio
1300 982 1407 1024 AEvo
1437 998 1510 1024 an—

140 1050 369 1094 gustatam,
408 1049 449 1081 et
478 1037 531 1091 ad
567 1039 827 1091 medietatem
867 1040 1105 1090 redactam,
1143 1039 1226 1080 sive
1269 1055 1290 1080 a
1336 1040 1514 1082 motibus

137 1108 297 1148 terrae,
329 1097 411 1138 sive
440 1096 491 1136 ab
523 1097 740 1139 hominum
771 1113 897 1140 manu
918 1129 931 1151 ‚
981 1098 1063 1139 sive
1108 1096 1276 1138 tandem
1327 1097 1378 1139 ab
1428 1100 1513 1157 ipsa

138 1158 262 1198 maris
292 1157 331 1196 vi
362 1154 608 1211 conlapsam.

249 1215 333 1255 Iam
366 1223 459 1254 ante
489 1213 829 1268 significavimus,
865 1215 1137 1257 Lucullanum
1172 1215 1362 1257 Castrum
1396 1231 1508 1257 ever-

138 1288 227 1314 sum
273 1273 393 1314 fuisse
429 1286 452 1312 a
497 1272 787 1328 Neapolitanis.
835 1273 1067 1329 Gulielmus
1120 1273 1151 1315 I.
1199 1289 1307 1316 anno
1356 1275 1517 1317 circiter

137 1330 381 1373 DCCCXC.
413 1344 547 1371 arcem
578 1331 762 1373 condidit
793 1333 1182 1383 Normandicam,
1205 1348 1309 1389 quae
1340 1349 1412 1389 per
1434 1334 1514 1374 hoc

137 1400 299 1444 tempus
327 1388 610 1430 Lucullanum
641 1389 719 1429 fuit
751 1390 911 1433 dictum
944 1390 1136 1432 Castrum
1167 1391 1208 1431 in
1240 1393 1381 1433 veteris
1412 1406 1519 1433 ever-

139 1447 172 1487 si
204 1446 473 1488 memoriam:
507 1447 604 1488 hinc
634 1449 812 1504 sequiori
843 1463 943 1491 aevo
975 1449 1165 1491 Castrum
1201 1454 1279 1492 hoc
1311 1465 1334 1489 a
1364 1449 1517 1506 patriae

143 1503 409 1561 scriptoribus
440 1519 534 1546 cum
568 1507 705 1562 primo
736 1507 856 1548 fuisse
895 1507 1116 1549 confusum
1149 1508 1409 1564 reperimus:
1456 1519 1516 1550 at·

141 1577 222 1618 que
253 1576 297 1602 ea
331 1563 426 1604 hinc
456 1578 572 1604 causa
595 1595 607 1614 ,
640 1579 713 1604 cur
762 1565 836 1621 ipsi
885 1565 1101 1621 scriptores
1150 1582 1281 1622 usque
1327 1566 1520 1608 Castrum

133 1619 407 1661 Lucullanum
449 1622 490 1661 in
522 1622 604 1678 ipsa
624 1625 800 1675 Megaria
823 1625 952 1664 insuta
983 1625 1280 1667 conlocandum
1315 1626 1512 1678 scribunt,

141 1677 251 1734 quod
282 1678 447 1735 quidem
483 1696 623 1722 verum
656 1681 765 1721 haud
800 1692 870 1723 est.

152 1927 1517 1949 Μ*

235 2058 287 2102 (ι)
316 2057 409 2091 Hinc
436 2057 556 2093 scribit
590 2057 744 2108 Egipius
771 2061 869 2110 apud
893 2061 1061 2100 Bolland.
1111 2071 1198 2101 tom.
1229 2062 1257 2101 I.
1285 2065 1417 2101 mensis
1456 2065 1513 2102 Ia-

132 2118 235 2140 nuar.
267 2108 312 2142 ad
341 2107 436 2154 diem
465 2107 569 2143 V111.
600 2110 660 2144 ubi
690 2108 734 2144 de
763 2110 801 2146 S.
831 2111 996 2149 Severini
1023 2114 1204 2158 Ecclesia,
1227 2122 1261 2150 et
1289 2117 1516 2153 Monasterio

137 2155 239 2190 verba
270 2157 352 2192 facit
375 2170 383 2192 τ
413 2158 811 2209 ΝῙοηαςίενῐαημίςίίαι·
834 2163 964 2199 eodem
991 2165 1075 2201 loeo
1100 2173 1354 2202 constructum
1374 2167 1423 2201 ad
1442 2181 1516 2202 me-

135 2208 288 2241 moriam
314 2207 427 2242 Beati
452 2210 521 2244 w'n‘
544 2209 722 2245 hactenus
742 2209 978 2260 perseverat,
1001 2217 1105 2253 caius
1133 2218 1271 2253 mer-Stis
1312 2216 1415 2253 multi
1451 2217 1513 2254 ob-

131 2257 221 2290 sessi
246 2268 271 2292 a
294 2257 533 2296 daemonibus
555 2263 677 2297 curati
702 2269 797 2299 sum.
