1920 2579
356 71 434 111 130

343 124 592 169 claritudine.
626 121 688 166 Ea
719 131 856 166 autem
886 129 1021 164 statua
1052 121 1148 165 satis
1182 122 1356 181 pulchra
1388 139 1476 167 esse
1510 123 1650 171 debuit

344 201 446 243 quae
480 184 519 225 in
552 185 647 225 loco
677 192 761 224 tam
793 179 1016 239 magnifico
1048 181 1125 224 fuit
1161 183 1396 226 collocata..

456 241 567 298 Quid
600 256 698 284 vero
731 239 866 284 dicam
905 239 954 282 de
987 240 1077 282 aliis
1107 241 1382 285 celeberrimis
1415 243 1548 300 gentis
1585 243 1712 288 huius

340 299 652 344 monumentis!
685 300 856 343 Restant
888 298 1021 344 adhuc
1052 299 1102 342 ab
1131 315 1234 345 aevo
1269 300 1589 344 immemorabili
1624 304 1712 361 ple·

344 377 469 418 raque
502 361 541 401 iu
572 359 839 417 antiquarum
874 359 1015 402 Italiae
1058 359 1224 402 urbium
1272 360 1401 402 ruinis
1449 361 1708 405 nobilissima

343 418 528 476 vestigia.
580 418 692 473 Quid
724 432 951 460 memorem
995 418 1269 462 vetustissima
1314 419 1425 461 urbis
1466 420 1718 463 Volaterrae*

338 479 501 520 moenia
522 509 533 529 ‚
569 492 749 535 quorum
780 477 976 534 reliquiae
1007 475 1232 519 hodiedum
1268 476 1577 526 advenientibus
1607 491 1709 521 sunt

340 537 565 580 miraculo:
606 536 802 578 immania
836 536 946 577 enim
967 552 1062 579 saxa
1096 536 1182 577 sine
1215 536 1328 578 calce
1365 550 1579 588 connexa,
1614 538 1714 595 qui-

340 597 417 639 bus
450 611 496 637 ea
527 594 622 637 urbs
653 604 740 637 erat
777 593 988 637 aedificata
1010 627 1021 647 ‚
1065 593 1192 635 dubio
1221 594 1365 650 procul
1397 595 1495 636 artis
1529 595 1712 639 miracu·
1749 637 1752 640 .

339 655 429 697 lum
459 654 726 697 existimatur.
759 653 882 696 Mitto
920 653 1044 695 etiam
1075 651 1265 694 Perusiae
1298 653 1511 708 Augustae
1545 656 1718 698 moenia

341 712 485 756 eodem
517 711 645 755 modo
674 711 829 755 effecta.
866 714 1015 754 Nonne
1047 711 1171 754 etiam·
1212 709 1534 753 existimandum
1581 713 1714 755 simili

340 770 601 815 aedificatum
629 779 836 813 structura
860 769 1162 813 nobilissimum
1192 768 1559 826 Amphitheatrum
1593 771 1725 815 (Συη-1

343 846 497 888 panum
516 862 527 884 ‚
560 828 671 888 quod-
700 828 733 870 si
764 843 849 871 non
887 829 940 874 ab
971 829 1181 880 Etruscis,
1213 828 1360 871 saltem
1395 829 1567 871 illorum
1601 828 1711 871 ordi-

343 905 395 932 ne
420 890 496 932 fuit
527 887 772 932 conditum?
801 887 862 930 Ibi
894 887 1004 930 enim
1034 885 1255 937 immania,
1290 896 1330 929 et
1362 885 1634 944 praegrandia
1654 903 1715 930 sa-

345 964 393 990 xa
430 948 565 991 adhuc
593 945 858 993 adservantur
895 947 1148 990 extrinsecus
1170 977 1185 998 ,
1228 953 1267 986 et
1302 947 1537 990 Tuscanico
1568 945 1710 990 ordine

347 1016 602 1050 constructa.

459 1066 685 1121 Postquam
714 1062 767 1105 de
788 1067 1059 1107 Etruscorum
1089 1062 1268 1105 diximus
1286 1063 1579 1115 monumentis,
1599 1079 1711 1108 nunc

344 1122 437 1166 heic
469 1138 600 1180 pauca
632 1121 680 1164 de
712 1120 884 1165 huiusce
917 1123 1050 1180 gentis
1081 1122 1292 1178 opulentia
1314 1153 1327 1172 ‚
1360 1121 1491 1179 deque
1524 1122 1614 1165 aliis
1648 1139 1712 1166 re-

343 1182 420 1223 bus
453 1181 495 1223 in
528 1180 669 1223 medio
699 1180 927 1223 afferemus.
962 1179 1023 1222 Ea
1052 1179 1192 1223 Italiae
1225 1194 1348 1236 pars,
1370 1195 1475 1238 quae
1501 1180 1710 1238 quondam

345 1240 395 1282 ad
431 1240 587 1283 Tuscos
617 1238 845 1297 pertinuit3
878 1238 1068 1281 omnium
1118 1237 1315 1281 ditissima
1359 1239 1448 1281 fuit.
1503 1238 1614 1281 Nam
1667 1256 1713 1282 ea

347 1313 447 1355 gens
482 1299 526 1340 in·
561 1299 701 1342 Italiae
731 1297 860 1355 ipsius
890 1296 1122 1340 meditullio
1159 1311 1256 1341 cum
1289 1307 1395 1340 esset
1427 1297 1503 1338 sita
1524 1328 1535 1346 ‚
1582 1298 1712 1340 coeli-

346 1373 424 1414 que
453 1388 465 1407 ,
499 1367 716 1414 terraeque
745 1355 894 1400 divitiis
928 1356 1158 1407 frueretur3
1189 1368 1291 1410 opes
1324 1355 1422 1398 hinc
1455 1356 1655 1398 maximas
1690 1372 1714 1398 a

344 1424 512 1457 naturae
545 1425 713 1458 auctore
746 1414 917 1457 donatas
948 1424 1119 1458 constat.
1153 1414 1263 1455 Cum
1295 1427 1395 1457 vero
1440 1429 1525 1456 non
1576 1414 1716 1456 solum*

350 1473 539 1525 vicinas,
594 1483 634 1517 et
681 1474 929 1532 longinquas
974 1471 1200 1531 possideret
1250 1482 1410 1523 terras,
1465 1471 1713 1530 quibuscum

349 1531 648 1576 commercium
681 1548 882 1590 magnum
911 1541 1173 1575 exerceretur
1193 1566 1207 1584 ,
1237 1529 1307 1573 sed
1340 1531 1466 1574 etiam
1498 1545 1611 1573 mare
1645 1532 1715 1572 Su-

349 1606 493 1647 perum
517 1622 529 1640 ,
561 1591 822 1648 Inferumque
852 1597 1164 1648 prospectaret3
1207 1588 1301 1632 inde
1330 1589 1373 1631 in
1402 1588 1541 1633 vicina
1589 1588 1718 1631 Grae-

347 1663 495 1693 corum
514 1680 526 1699 ,
559 1657 599 1690 et
628 1649 858 1706 longinqua
890 1650 1009 1690 litora
1042 1663 1198 1691 merces
1233 1647 1391 1704 opimas
1434 1647 1718 1690 convectabat.

347 1706 413 1748 Ex
446 1706 785 1765 Halicarnassaeo
809 1706 880 1749 lib.
904 1706 1020 1749 VIII.
1053 1707 1320 1750 Demaratum
1351 1703 1542 1763 proditur
1573 1706 1720 1747 Corin·

343 1764 480 1809 thium
510 1775 784 1809 mercatorem
815 1778 988 1821 magnos
1021 1764 1231 1808 thesauros
1262 1764 1307 1806 in
1325 1764 1487 1806 Italiam
1522 1762 1573 1805 ad
1595 1764 1717 1806 Etru-

349 1839 515 1867 scorum
545 1824 670 1881 opida
690 1833 759 1875 ,et
790 1824 1116 1881 Peleponnesum
1156 1824 1365 1873 attulisse,
1397 1831 1437 1864 et
1468 1822 1581 1865 brevi
1613 1819 1716 1863 adeo

346 1882 465 1926 fuisse
503 1883 827 1939 locupletatum,
866 1892 911 1925 ut
941 1880 1164 1924 ditissimus
1196 1881 1383 1926 evaserit,
1402 1883 1462 1922 Ex
1481 1879 1599 1923 hisce
1623 1895 1714 1922 nar-

347 1942 445 1983 ratis
480 1941 642 2000 liquet,
669 1941 906 1999 Tyrrhenos
952 1955 1003 1983 eo
1035 1950 1219 1998 tempore
1267 1940 1468 1983 Italorum
1520 1938 1715 1984 omnium.

350 1999 573 2043 ditissimos
606 2001 783 2043 extitisse
804 2031 818 2051 ‚
848 1999 917 2057 qui
947 2014 1104 2042 merces
1145 2001 1252 2057 ipsas
1284 2014 1332 2043 ex
1364 1998 1550 2056 ipsorum
1571 1995 1718 2040 felicis-

352 2059 454 2100 simo
486 2060 576 2101 solo
607 2068 813 2102 extractas
845 2058 1138 2116 percipiebant.
1673 2102 1677 2103 ⁷

468 2117 532 2159 Ea
563 2133 663 2161 vero
695 2133 794 2174 gens
826 2116 976 2161 divitiis
1017 2115 1186 2159 affluens
1206 2146 1221 2167 ,
1267 2124 1307 2158 et
1348 2114 1390 2156 in
1421 2112 1562 2156 Italiae
1595 2111 1721 2155 medi-

355 2174 474 2217 tullio
507 2175 524 2233 (
557 2185 601 2217 ut
640 2186 735 2218 ante
768 2176 976 2218 innuimus
1009 2176 1029 2231 )
1071 2173 1171 2217 adeo
1200 2173 1307 2218 vitae
1339 2172 1518 2224 deliciis,
1557 2180 1597 2214 et
1633 2172 1721 2212 ille-

355 2232 484 2276 cebris
524 2233 598 2277 tuit
637 2233 802 2294 dedita,
841 2243 904 2296 ut·¹
927 2233 1040 2279 cibos
1075 2232 1328 2292 perquireret
1372 2229 1623 2287 exquisitos,
1676 2236 1717 2271 et

1696 161 1713 182 5
