1920 2579
551 177 847 221 SYLLABUS
878 177 1186 225 SECUNDAE
1217 179 1412 223 PARTIS

501 318 686 361 Onnum
726 327 1023 374 inu-amnem,
1054 332 1162 369 Qun:
1193 331 1451 365 occnnnum.

807 450 1160 474 m—

611 628 641 659 A

297 670 492 742 Academia
516 710 687 744 Puteolana
789 721 867 753 pag.
913 710 955 740 26
1014 710 1482 753 AmphitheatrumNCumanum
1622 715 1664 749 85

301 752 490 783 Acherusius
512 751 593 782 lacus
913 752 953 782 80
1013 752 1509 792 Amphitheatrum'Puteolanum
1539 764 1574 786 21

298 795 363 825 Aer
400 800 582 834 temperatus
614 799 660 822 est
693 800 804 830 causa,
831 794 871 823 ob

341 845 435 875 quam
459 836 565 875 optimi
589 834 676 874 pueri
697 834 801 864 indole
823 835 871 864 in-

343 876 526 906 formentur.
900 876 953 917 167

299 917 490 948 Adaloaldus
513 918 581 947 Rex
597 915 871 956 Langobardorum
898 918 953 947 182

297 959 459 999 Agilulsus
481 960 547 989 Rex
570 958 844 998 Langobardorum
892 959 948 989 182

297 1002 441 1040 Agrestes
464 1002 529 1030 viae
552 1010 702 1041 quaenam
889 999 950 1038 243

299 1043 441 1083 Agrippa
464 1052 545 1071 mare
570 1048 726 1071 mortuum
760 1041 870 1073 melio-

342 1093 407 1112 rem
432 1084 543 1122 redigit
566 1084 597 1111 in
622 1084 753 1112 formam
915 1094 949 1124 71

300 1123 489 1164 Agrippinae
513 1123 656 1161 satum,et
672 1123 872 1163 sepulchrum

726 1163 793 1204 69,
817 1172 847 1192 et
869 1175 955 1205 seqq.

299 1206 442 1239 Alaricus
465 1208 533 1237 Rex
557 1205 730 1235 Gothorum
754 1206 786 1232 in
810 1205 870 1234 Ita-

344 1247 418 1276 liam
443 1248 566 1277 advenit
584 1269 591 1284 ,
616 1253 646 1275 et
666 1247 798 1276 Romam
819 1256 875 1287 po-

344 1289 469 1328 pulatur

301 1331 425 1362 Italiam
462 1330 637 1358 universam
671 1328 806 1358 excurrit
828 1328 870 1357 ib.

342 1372 481 1402 Africam
506 1371 643 1399 traiicere
667 1372 803 1411 cupiens,
818 1369 875 1399 im-

342 1421 463 1441 maturo
481 1412 624 1440 occubuit
643 1409 703 1439 sato
727 1412 872 1439 ib.Grae-

343 1456 422 1484 ciam
448 1453 568 1482 invadit
591 1453 634 1481 ib.
662 1451 840 1491 Hispaniam
865 1474 874 1488 ‚

343 1502 373 1525 et
396 1494 528 1524 calliam
553 1495 591 1523 ab
613 1493 756 1524 Honorio
789 1493 876 1522 habi-

342 1536 463 1566 tandam
486 1537 597 1575 accipit

302 1579 454 1611 Alboinus
496 1575 768 1615 Langobardorum
806 1577 877 1606 Rex

344 1631 407 1660 quo
431 1630 508 1648 anno
534 1620 564 1647 in
588 1618 710 1648 Italiam
735 1624 878 1658 penetrat

349 1661 399 1692 131
430 1662 547 1700 primus
571 1661 637 1690 Rex
662 1658 878 1699 Langobardo-

344 1713 413 1732 rum
437 1704 477 1732 ib.
504 1710 582 1742 quot
604 1710 700 1730 annos
737 1701 877 1742 regnavit

345 1745 388 1773 ib.
416 1743 573 1784 quomodo
595 1744 726 1772 moritur
918 1741 958 1769 ib.

906 1781 963 1819 184

883 1865 958 1895 ibid.

900 1287 956 1326 ¹73

881 1533 954 1564 ibid„

306 1785 457 1816 Alczecus
480 1786 705 1815 saracenorum
730 1785 804 1813 Dux

303 1827 394 1858 Alica
413 1826 500 1866 quid,
514 1833 544 1855 et
558 1825 717 1867 quomodo
733 1825 824 1855 fiebat
839 1824 879 1856 36

345 1878 408 1908 quo
433 1870 463 1897 in
487 1868 553 1897 loco
576 1867 778 1898 effodiebantur

304 1910 473 1949 Aligernus
496 1910 590 1940 Teiae
613 1908 706 1938 frater
723 1910 880 1938 thesauros

306 1954 419 1982 Cumae
443 1950 602 1980 abscondit
923 1948 963 1990 89

306 1993 485 2064 Αἰῇὴοηευς
507 1993 576 2022 Rex
612 2001 666 2032 ¹9⁰
704 1990 876 2032 Alphonsns
919 2034 949 2063 ib

305 2075 440 2105 Alumen
454 2076 559 2115 quoin
577 2075 644 2105 loco
672 2073 876 2104 effodiebatur
901 2074 961 2105 386

306 2118 500 2147 Ambubaiae
537 2126 690 2158 quaenam
735 2116 880 2145 mulieres

347 2159 387 2187 55
426 2166 454 2187 et
485 2169 551 2199 seq.
577 2159 669 2187 huius
705 2158 790 2188 vocis
813 2164 881 2199 ety-

348 2209 419 2229 mon
920 2200 960 2229 ib.

306 2240 528 2275 Amalasuntha
549 2241 615 2273 filia
635 2239 825 2273 Theudorici
909 2253 964 2284 159

1053 793 1186 822 eiusdem
1197 793 1358 834 descriptio
1371 796 1410 824 ib.
1424 803 1498 836 quot
1512 797 1587 826 mil·

1053 834 1094 864 lia
1115 835 1274 865 hominum
1295 837 1445 867 continere
1459 845 1577 876 poterat
1619 840 1666 871 ib.

1013 876 1144 908 AEnaria
1166 876 1270 906 eadem
1302 887 1337 908 ac
1371 878 1529 919 Inarime,
1553 886 1583 910 et

1055 927 1148 959 quare
1168 919 1210 946 sic
1233 917 1313 947 dictu
1626 934 1670 967 99

1014 959 1185 991 Anastasius
1209 960 1378 1000 Imperator
1402 960 1432 990 in
1456 960 1577 992 ltaliam

1053 1001 1174 1031 classem
1197 1002 1312 1036 mittit,
1344 1011 1405 1042 quo
1439 1002 1585 1035 Theodo-

1053 1043 1118 1071 rico
1141 1041 1307 1072 ulciscatur

1014 1082 1168 1123 Anacapri
1193 1094 1288 1123 pagus

1605 1048 1663 1086 ¹75

1609 1098 1668 1129 ²¹9

1013 1125 1045 1154 S.
1071 1126 1244 1154 Anastasiae
1270 1126 1412 1157 balneum
1627 1128 1667 1170 39

1013 1166 1172 1204 Anglanus
1195 1165 1274 1195 idem
1309 1177 1344 1196 ac
1381 1168 1517 1197 Anianus
1541 1167 1585 1197 la-

1057 1215 1133 1234 cus:
1159 1206 1222 1234 eius
1259 1215 1386 1248 etymon
1410 1209 1449 1250 39
1471 1216 1501 1238 et
1522 1218 1586 1249 seq.

1061 1246 1117 1276 135
1141 1253 1169 1274 et
1193 1256 1256 1288 seq.

1017 1287 1194 1326 Anglanum
1215 1290 1286 1318 urbs
1320 1297 1424 1320 utrum
1454 1291 1593 1324 extiterit

1066 1327 1122 1356 138
1144 1335 1174 1357 et
1194 1338 1284 1369 seqq.

1019 1368 1130 1398 Auiani
1168 1369 1252 1398 lacus
1285 1372 1458 1410 ignivomae
1496 1379 1594 1402 mate-

1058 1411 1119 1439 riae
1157 1412 1265 1450 passim
1298 1415 1379 1442 circa
1412 1413 1513 1442 lacum
1546 1414 1591 1442 ib'.

1059 1451 1183 1491 quando
1197 1455 1318 1483 emersit
1334 1455 1388 1494 ¹37
1404 1456 1518 1484 Aniaui
1532 1454 1593 1485 Su-

1060 1494 1179 1522 datoria
1624 1496 1680 1534 140

1022 1535 1131 1565 Auiani
1154 1544 1229 1574 pons
1252 1535 1282 1564 in
1307 1537 1355 1565 via
1379 1536 1550 1567 Puteolana
1614 1547 1673 1578 217

1019 1577 1167 1606 Anicetus
1189 1576 1356 1616 praefectus
1379 1579 1461 1607 classi
1500 1579 1591 1607 Mise-
1640 1572 1647 1578 ⁵

1060 1618 1155 1646 nensi.
1195 1619 1383 1658 Agrippinae
1427 1618 1592 1648 infensissi-

1063 1669 1128 1687 mus
1638 1671 1676 1702 7⁰

1022 1699 1193 1731 Antoninus
1233 1701 1306 1730 Pius
1336 1700 1418 1731 viam
1458 1703 1591 1743 Campa»

1065 1752 1134 1770 nam
1159 1748 1289 1771 restituit

1023 1783 1173 1812 Antonius
1185 1782 1317 1812 Iulianus
1329 1784 1444 1815 Rhetor
1458 1785 1486 1813 in
1510 1785 1593 1813 ‹hea-

1064 1832 1112 1853 tro
1138 1825 1307 1855 Puteolano
1330 1826 1406 1865 legit
1429 1825 1522 1855 Ennii
1539 1836 1593 1856 an·

1065 1866 1146 1895 nales
1170 1866 1262 1897 libros
1639 1869 1677 1898 25

1065 1907 1217 1948 Apollinis
1241 1908 1389 1948 templum
1414 1910 1519 1939 Cumis
1633 1909 1672 1938 85

1024 1949 1182 1990 Apollofar
1205 1951 1431 1984 Saracenorum
1445 1952 1517 1980 Dux
1532 1971 1540 1987 ‚
1566 1956 1597 1978 et

1062 1990 1268 2021 Beneventani
1292 2001 1308 2021 a
1331 1992 1485 2021 Siniculfu
1506 1991 1596 2030 suga-

1065 2034 1086 2061 ti
1621 2030 1677 2060 188

1023 2075 1141 2114 Appiae
1167 2084 1270 2104 cursus
1285 2085 1299 2103 a
1316 2075 1410 2104 Roma
1432 2073 1470 2103 ad
1494 2076 1595 2104 Brun-

1065 2116 1184 2144 dusium
1208 2123 1282 2156 quot
1308 2116 1449 2147 milliaria
1485 2122 1591 2145 exlen-

1066 2156 1193 2186 debatur
1223 2168 1289 2199 ¹99·
1318 2160 1378 2188 Via
1408 2157 1595 2193 nobilissima

1066 2209 1125 2228 200
1147 2206 1177 2228 et
1213 2210 1299 2240 seqq.
1336 2200 1456 2239 Appiae
1493 2208 1595 2226 ramus

1066 2242 1119 2282 qui
1144 2251 1160 2271 a
1182 2240 1347 2277 Minturnis
1363 2240 1400 2269 ad
1423 2240 1596 2277 Sinuessam

1617 1743 1676 1772 223
