1961 2574
1495 109 1519 152 5

172 166 345 219 Oratae,
377 165 645 221 filiorumque.
683 167 805 207 Hunc
833 174 969 206 autem
983 168 1151 208 Oratam
1169 174 1394 207 ostrearum
1412 166 1522 206 viva-

170 223 226 264 ria
264 225 460 273 invenisse>
488 224 526 264 in
560 225 709 265 Baiano
741 223 859 264 litore
887 236 1072 264 narratur
1109 234 1236 263 aetate
1251 225 1366 265 Lucii
1389 224 1522 265 Crassi

170 282 340 323 orat01is
375 293 467 322 ante
498 284 720 324 Marsicum
755 281 909 323 bellum
936 313 951 333 ,
976 280 1086 338 quod
1105 280 1249 321 accidit
1267 297 1373 322 anno
1395 282 1446 322 V.
1473 282 1520 323 C.

168 339 319 383 Delu.
354 355 427 381 nec
458 341 571 394 gulae
605 356 748 392 causa,
778 341 849 381 sed
892 341 1081 381 avaritia:
1117 355 1258 394 magna
1316 340 1521 395 vectigalia

167 411 216 438 ex
248 398 321 440 tal?
348 399 504 453 ingenio
558 400 771 456 percepit,
809 409 848 440 et
900 403 1104 452 optimum
1153 413 1338 453 saporem
1377 398 1521 439 ostreis

166 454 335 498 Lucrini
375 456 655 508 adiudicat-it,
695 458 880 514 quamvis
911 457 1096 498 Valerius
1114 456 1318 499 Maximus
1335 456 1404 498 lib.
1443 457 1519 498 111.

166 528 200 554 c.
237 516 293 567 3,
326 515 459 570 ipsum
490 515 681 556 aedificiis
720 516 933 573 spatiosis,
968 526 1007 556 et
1029 516 1191 556 excelsis
1211 546 1223 565 ‚
1254 514 1418 558 deserta
1451 531 1522 572 per

168 587 254 612 cam
292 583 570 629 tempestatem
605 589 674 615 ora
711 574 882 616 Lucrini
929 573 1039 615 lacus
1077 574 1299 629 pressisse,
1339 589 1423 631 quo
1461 589 1519 615 re·

167 630 343 672 centiore
365 646 437 672 usu
474 633 782 688 conchyliorum
812 633 1028 685 frueretur,
1062 632 1194 673 sentit.
1235 632 1343 673 Hinc
1377 633 1522 673 Lucri-

170 702 246 728 nus
279 700 411 744 postea
449 690 633 742 celeber,
668 692 891 747 ostreisque
924 691 1110 747 copiosus
1149 691 1272 731 evasit
1307 705 1356 732 eo
1395 690 1520 732 modo

168 755 214 785 ut
246 748 452 788 Romanae
491 749 734 803 reipublicae
763 764 1054 804 quammagno
1087 748 1194 789 foret
1236 750 1521 790 emolumento

283 804 498 846 lnflnitum
534 817 670 847 autem
706 817 810 847 esset
841 807 873 846 si
904 806 1022 847 uobis
1055 806 1211 860 singula
1247 807 1287 846 in
1335 806 1522 848 medium

163 861 491 915 producerentur
513 894 526 912 ,
566 880 669 920 qnae
701 880 748 904 ex
767 878 861 916 agro
882 865 1096 916 Campano
1118 864 1412 918 percipiuntur.
1429 865 1523 905 Hoc

165 932 294 958 unum
333 920 426 959 satis
457 919 567 960 dictu
605 931 689 969 est,
722 921 837 959 illum
878 921 1023 974 quovis
1054 928 1238 973 tempore
1276 921 1377 960 adeo
1399 920 1521 962 rebus

162 975 351 1022 omnibus
385 975 637 1018 foecundum
665 977 787 1018 fuisse
808 1007 819 1028 ,
849 991 951 1032 quae
971 985 1066 1016 sunt
1107 978 1324 1017 necessaria
1343 977 1395 1018 ad
1418 978 1521 1019 vitae

162 1033 385 1085 rationem,
421 1046 466 1075 ut
503 1036 638 1077 Italiae
675 1045 844 1077 cunctae
880 1034 1016 1090 fruges
1055 1034 1339 1092 cuiuscunque
1361 1037 1518 1090 generis

161 1089 489 1134 subministrarit.

274 1153 481 1193 Hactenus
513 1152 643 1204 totius
675 1151 757 1207 agri
790 1151 990 1209 Campani
1019 1146 1268 1193 fertilitatem
1308 1150 1351 1191 in
1398 1151 1525 1194 rebus<

159 1208 350 1251 omnibus
388 1209 430 1254 in
462 1211 598 1253 medio
637 1210 862 1253 attulimus.
906 1211 1202 1266 Neapolitanus
1241 1223 1335 1251 vero
1365 1225 1456 1266 ager
1499 1227 1521 1252 e

158 1277 304 1309 cuncta
337 1268 559 1325 Campania
592 1269 759 1311 fortasse
797 1270 1024 1326 principem
1073 1270 1213 1311 locum
1266 1279 1438 1325 occupat
1475 1268 1518 1309 in

155 1331 268 1371 omni
309 1342 446 1368 rerum
498 1327 749 1370 abundantia
797 1342 818 1368 a
858 1339 1002 1369 natura
1035 1338 1301 1385 comparata:
1353 1337 1394 1367 at
1429 1326 1518 1368 fru-

153 1398 296 1429 ctuum
332 1386 764 1444 exquisitissimorum,
812 1395 853 1426 et
883 1387 1079 1443 cuiusque
1126 1387 1280 1443 genet-is
1329 1384 1521 1427 ubertate.

155 1445 282 1487 dubio
321 1446 462 1502 procul
500 1446 690 1487 omnibus
731 1455 938 1487 terrarum
966 1445 1149 1501 anguli5‚
1202 1456 1241 1486 et
1276 1444 1518 1501 praesertim

155 1505 229 1560 ipsi
258 1505 504 1561 Campaniae
541 1503 758 1560 praecellit.

269 1565 455 1605 Excussis
473 1578 575 1619 quae
594 1562 645 1603 ad
666 1563 750 1616 agri
768 1561 968 1617 Campani
988 1560 1306 1603 foecunditatem
1325 1559 1514 1613 attinent,

153 1636 284 1662 somno
318 1637 427 1663 nunc
463 1623 512 1662 de
558 1621 725 1661 vetustis
758 1621 951 1677 populis,
985 1621 1058 1677 qui
1106 1619 1276 1662 eandem
1312 1618 1520 1662 incoluere

157 1681 356 1734 1egicnem
378 1711 389 1733 ,
429 1678 703 1721 instituendus
739 1680 833 1721 erit.

586 1793 959 1845 CAPUT
1032 1795 1096 1845 ΙΙ.

182 1927 250 1964 De
292 1921 538 1979 Campaniae
569 1925 733 1972 incolis,
770 1931 810 1963 et
838 1927 1079 1978 praesertim
1115 1924 1163 1963 de
1214 1921 1323 1964 Osca
1362 1931 1488 1977 genle

413 1984 461 2022 de
501 1984 662 2024 illormn
692 1980 895 2033 moribus,
927 1990 1047 2038 atque
1077 1983 1230 2036 linguas

266 2101 326 2140 Ex
362 2098 524 2139 historia
560 2098 783 2150 discimus,
819 2113 902 2154 quo
937 2097 1136 2139 celebrior
1166 2097 1244 2138 fnit
1281 2094 1459 2154 populus
1493 2126 1517 2148 ,A

147 2168 186 2199 et
217 2172 299 2214 quo
337 2157 571 2204 uberioeem
606 2157 777 2198 incoluit
821 2171 995 2210 agrum,
1047 2171 1092 2198 eo
1137 2157 1262 2211 magis
1315 2169 1424 2196 nunc
1462 2155 1516 2196 in·

146 2231 297 2269 unam,
344 2231 452 2257 nunc
472 2215 654 2257 in‘aliam
693 2215 917 2271 pervenisse
948 2229 1135 2258 manum.
1158 2213 1271 2269 Quid
1287 2215 1408 2270 igitur
1429 2213 1509 2254 mi—

145 2289 260 2330 num,
295 2275 327 2317 si
360 2275 583 2333 Campania
613 2276 735 2319 Felix:
761 2284 902 2331 utpote
921 2288 1017 2330 prae
1033 2273 1175 2315 ceteris
1192 2273 1516 2316 amoenissimus*
