1920 2579
358 90 443 140 244

773 192 1180 234 ΔΙΑΤΡΙΒΗ
1237 196 1342 236 VIII.

356 323 426 365 De
458 322 817 380 Spectaculorum
847 325 1014 382 origine
1035 356 1048 376 ,
1075 340 1311 382 progressu
1329 356 1343 376 ‚
1399 324 1538 384 deq'ce
1594 329 1731 371 variis

654 398 823 441 illorum
853 400 1084 457 generibus
1115 399 1232 456 apud
1263 409 1448 442 veteres.

875 576 1266 594 *—

133 761 347 831 {,l³j“3'{,{³⁰¹¹¹⁰‘“¹¹¹
366 710 754 827 Spectaculorum
784 769 904 827 origo
936 777 996 811 est
1026 768 1308 827 antiquissima
1323 768 1363 810 in
1387 769 1485 813 orbe
1508 777 1707 813 terrarum
1727 787 1736 812 ε

366 839 508 885 gentes
542 845 564 871 a
595 845 731 872 rerum
765 829 968 887 principio
998 830 1257 886 ,Spectacula
1288 828 1442 871 isthaec
1475 828 1515 869 in
1560 830 1739 872 maximo

361 887 552 931 habuisse
583 887 716 946 pretio
750 897 962 946 comperta
995 904 1057 930 res
1092 898 1164 930 est.
1196 887 1372 930 Laetitia
1405 903 1509 944 quae
1552 887 1736 944 ingenita

335 945 595 989 'hominibus
628 956 720 999 est,
752 947 995 1005 praesertim
1026 945 1107 989 illis
1130 979 1145 998 ,
1183 946 1252 1004 qui
1285 945 1370 987 nati
1402 945 1569 988 fuerunt
1604 948 1647 988 in
1680 963 1744 990 re-

357 1006 549 1062 gionibus
573 1038 588 1057 ,
624 1005 693 1048 ubi
725 1006 825 1049 aeris
858 1005 1076 1063 temperies
1098 1035 1111 1054 ‚
1144 1015 1184 1063 et
1216 1015 1323 1047 terra
1350 1004 1533 1060 frugibus
1569 1014 1735 1058 scatet,

356 1063 521 1107 eosdem
568 1065 732 1121 impulit
763 1064 847 1108 iam
879 1080 901 1106 a
936 1064 1080 1106 mundi
1124 1060 1353 1120 primordio
1374 1094 1384 1114 ,
1421 1072 1463 1104 ut
1507 1063 1617 1105 ludis
1650 1063 1734 1105 ani-

354 1137 469 1163 mum
502 1122 827 1165 accomodarent.
848 1121 1046 1164 Chaldaei
1070 1157 1084 1176 ‚
1116 1121 1325 1179 AEgyptii,
1345 1121 1586 1172 Phoenices,
1608 1122 1734 1165 aliae-v

356 1195 434 1236 que
484 1181 674 1237 antiquae
726 1189 867 1237 gentes
913 1189 1072 1236 praeter
1105 1180 1202 1221 alias
1260 1177 1425 1220 eosdem
1474 1177 1736 1223 admarunt.

357 1239 507 1281 Graeci
553 1237 733 1289 deinde,
787 1247 1009 1295 posteaque
1045 1238 1218 1280 Romani
1254 1236 1303 1277 ad
1351 1236 1616 1293 perfectionis
1654 1238 1741 1295 api-3

358 1311 479 1350 cem,
515 1306 635 1352 atque
667 1295 924 1338 maiestatem
960 1297 1070 1353 ipsos
1103 1310 1153 1337 eo
1189 1293 1441 1336 reduxerunt
1487 1295 1643 1346 modo,
1688 1305 1732 1337 ut

358 1353 523 1403 tandem
556 1354 606 1396 ad
640 1352 951 1407 impudicitiae,
995 1352 1117 1411 atque
1146 1351 1356 1395 dedecoris
1389 1367 1602 1394 excessum
1641 1368 1729 1409 per-

362 1420 567 1456 venerlnt.

477 1468 726 1514 Huiusmodi
761 1468 1002 1529 Spectacula
1033 1468 1233 1526 originem
1269 1468 1502 1511 habuerunt
1520 1477 1588 1511 aut
1620 1471 1672 1515 ob
1692 1470 1742 1513 fe-

360 1537 454 1576 sta,
490 1544 593 1587 quae
632 1529 675 1571 in
711 1527 885 1572 deorum
932 1529 1259 1574 celebrabantur,
1289 1526 1518 1578 honorem,
1567 1537 1636 1570 aut
1690 1529 1744 1571 ob

360 1587 543 1645 aliquam
574 1587 791 1632 victoriam
823 1588 872 1631 ab
902 1586 1090 1631 hostibus
1127 1596 1304 1644 partam.
1328 1586 1438 1628 Hinc
1479 1601 1527 1628 eo
1557 1595 1744 1646 tempore

361 1661 411 1687 ne
445 1647 622 1704 populus
663 1646 749 1689 otio
781 1646 892 1690 hisce
927 1646 1068 1689 diebus
1100 1654 1333 1698 marceret,
1372 1642 1540 1702 aliquod
1581 1660 1737 1688 novum

361 1707 648 1761 spectaculum
693 1704 954 1756 inveniebat,
988 1720 1070 1763 quo
1121 1704 1232 1747 diem
1277 1712 1417 1761 ageret
1464 1704 1631 1748 laetum.
1669 1705 1750 1758 En,

362 1764 501 1820 paucis
535 1763 729 1806 ludorum
776 1765 914 1820 origo:
965 1773 1005 1808 at
1039 1779 1086 1806 ea
1134 1763 1351 1806 hominum
1386 1776 1510 1817 pars,
1550 1777 1653 1818 quae
1691 1762 1735 1804 in

364 1822 473 1878 agris
511 1822 675 1866 vivebat
707 1821 781 1865 sub
815 1833 956 1881 aperto
993 1822 1141 1878 coelo,
1176 1823 1267 1878 ipsa
1324 1822 1450 1878 magis
1498 1819 1732 1863 huiusmodi

365 1880 474 1923 festis
511 1880 725 1937 gaudebat.
765 1881 880 1924 Sicut
920 1881 1043 1938 igitur
1075 1881 1336 1924 scenicorum
1383 1878 1576 1922 ludorum
1610 1879 1731 1936 origo

366 1939 417 1980 ab
451 1940 563 1981 laetis
596 1939 758 1984 rusticis
795 1949 912 1984 enata
948 1949 1036 1995 est,
1082 1940 1138 1983 ita
1170 1938 1219 1982 de
1255 1938 1506 1997 Spectaculis
1525 1938 1567 1980 in
1588 1953 1736 1994 genere

371 1997 654 2041 indicandum.

486 2057 606 2098 Haud
644 2055 829 2115 quemvis
857 2057 997 2107 fallit,
1029 2066 1231 2115 quantum
1264 2057 1447 2112 corporis
1485 2053 1634 2097 assidui
1676 2054 1734 2097 la-

368 2114 486 2156 bores
524 2115 632 2172 apud
669 2115 1013 2159 veteresmfuerint
1047 2116 1303 2167 existimati,
1335 2129 1486 2173 nempe
1508 2122 1552 2155 ut
1571 2113 1741 2170 quisque

371 2171 516 2213 fortior
549 2174 788 2231 firmiorque
823 2174 951 2216 fieret.
987 2173 1116 2217 Ilden
1150 2174 1256 2217 hanc
1292 2174 1508 2217 veritatem
1541 2181 1648 2215 reete
1685 2186 1728 2212 in

385 2230 628 2275 tellexerunt
659 2247 708 2275 eo
741 2233 876 2279 modo
898 2263 911 2284 ,
942 2241 985 2276 ut
1017 2233 1138 2278 fortes
1175 2231 1404 2282 evaderent·
1440 2229 1564 2288 Apud
1612 2230 1749 2288 Grae-¹
