1920 2579
1488 139 1563 181 ¹9³

194 209 248 238 ex
279 191 343 235 illa
376 192 427 234 ad
457 192 576 234 hasce
609 191 729 233 urbes
759 186 876 232 facil&
904 188 996 245 quis
1029 188 1237 245 pervenire
1255 195 1425 242 poterat.
1445 188 1563 228 Tem-

202 254 314 311 poris
344 266 556 310 progressu
588 250 686 292 aliae
718 258 860 306 portae
892 247 1036 289 iisdem
1075 245 1320 299 adiunctae,
1378 256 1570 287 mutatae⁴¹

194 327 313 369 que,
347 312 507 367 alioque
539 308 649 351 fuere
681 309 847 349 nomi-ne
879 306 1120 356 decoratae,
1152 305 1306 362 quippe
1337 304 1449 361 quod
1470 302 1566 346 urbs

199 370 405 421 excrevit,
435 369 590 424 aliaque
622 366 803 410 aedificia
837 366 893 408 illi
925 364 1060 407 addita
1094 366 1220 408 fuere.
1730 414 1764 421 ‚v

318 429 378 470 De
409 427 598 483 antiquae
630 428 751 469 huius
783 424 893 467 urbis
925 424 1158 480 regionibus
1189 424 1338 465 incerta
1372 438 1432 464 res
1466 432 1523 463 est
1541 418 1602 473 ,De
1623 418 1796 480 ussffiff‘fgm‘

197 503 297 529 cum
331 487 429 528 nihil
461 487 571 527 aliud
590 486 641 528 ad
661 501 731 527 nos
764 484 964 542 pervenit,
990 499 1114 541 quam
1135 483 1200 524 vix
1215 498 1341 539 pauca
1376 483 1558 531 nomina,

202 548 260 588 uti
293 545 507 602 praecipue
539 545 645 601 regio
676 542 988 586 Herculanensis
1009 574 1023 594 ,
1067 557 1170 600 quae
1216 551 1256 582 et
1306 540 1565 582 Furcillensis

201 605 366 647 nomine
398 603 474 644 fuit
506 604 779 660 compellata,
814 604 936 658 vulgo
975 601 1205 657 Quartiere
1260 600 1304 641 di
1347 599 1571 641 Porcella.

202 665 308 705 Hinc
343 661 564 718 reperimus
596 664 701 704 hanc
734 663 942 717 regionem
978 661 1097 701 etiam
1131 660 1187 700 sic
1219 657 1367 699 dictam
1403 660 1442 700 S.
1476 658 1573 700 (ἔτει

200 722 301 778 gorii
335 721 508 762 Romani
541 720 749 763 Pontificis
780 735 877 762 aevo
897 752 910 770 ,
943 720 1013 776 qui
1051 718 1149 762 vixit
1183 717 1258 758 VI.
1293 728 1463 758 exeunte
1496 732 1575 757 sae-

203 781 311 822 culo,
348 778 455 819 Hinc
480 779 562 834 ipse
596 778 737 821 scribit
768 778 838 820 lib.
880 778 931 818 II.
969 778 1083 834 epist.
1121 777 1173 828 59
1199 776 1364 817 Rustica
1378 790 1454 831 per
1483 777 1578 816 ulti-

202 854 291 880 mae
324 840 535 879 voluntatis
568 854 662 881 suae
708 839 914 880 arbitrium
952 842 992 878 in
1042 835 1201 878 civitate
1251 833 1535 889 Neapolitana
1559 865 1573 884 ,

202 901 243 938 in
292 898 406 938 domo
437 898 603 952 propria
622 927 632 947 ‚
665 896 707 937 in
742 901 908 952 regione
953 892 1266 943 Herculanensi,
1301 898 1339 933 in
1376 894 1477 934 vico
1515 893 1582 947 qui

200 956 485 1009 Lampadarius
531 955 687 995 dicitur.
729 957 888 995 Prostat
941 952 1041 1008 lapis
1090 951 1201 1006 apud
1233 950 1461 992 Gruterum
1495 966 1579 1006 pag.

199 1009 498 1052 CCCCXXX.
535 1026 648 1051 num.
687 1013 713 1051 6
751 1011 791 1051 in
826 1023 912 1066 quo
949 1009 996 1051 fit
1029 1009 1185 1051 mentio
1224 1008 1416 1062 Regionis
1452 1008 1581 1049 Ther-

201 1070 351 1112 mensis
379 1084 401 1110 a
423 1069 563 1112 vicinis
582 1069 788 1122 Thermis,
809 1068 858 1110 de
883 1067 1034 1125 quibus
1051 1082 1214 1123 agemus
1236 1066 1367 1123 capite
1383 1067 1579 1122 sequenti3

319 1186 496 1224 LICINII
522 1214 535 1226 ,
564 1186 711 1223 ALFIO
740 1215 749 1224 .
778 1185 967 1225 LICINIO
998 1215 1006 1223 .
1037 1184 1070 1219 V
1101 1212 1109 1220 .
1139 1184 1168 1219 P
1197 1212 1206 1220 .
1233 1183 1467 1221 PATRONO

528 1237 782 1274 COLONIAE
812 1265 820 1273 .
851 1237 925 1273 EX
955 1264 962 1273 .
991 1234 1262 1272 COMITIBUS

328 1287 482 1324 REGIO
510 1313 518 1324 .
545 1287 913 1325 THERMENSIUM
943 1315 951 1324 .
981 1287 1111 1324 VERE
1140 1312 1148 1322 .
1174 1284 1409 1323 PATRoNo
1441 1315 1449 1323 .

206 1398 271 1440 Ex
307 1412 392 1454 quo
411 1397 504 1439 vide
524 1411 674 1456 quaeso
692 1429 704 1451 ‚
743 1397 847 1438 hane
870 1397 981 1440 urbis
1004 1398 1110 1439 viam
1129 1397 1248 1438 etiam
1268 1396 1419 1439 dictam
1449 1398 1584 1438 Thev-

205 1471 412 1498 mensem.

322 1517 425 1558 Sunt
458 1515 524 1573 qui
558 1524 704 1572 putant
738 1515 861 1559 fuisse
894 1514 1018 1558 aliam
1051 1514 1228 1573 Neapoli
1253 1514 1472 1571 regionem
1495 1515 1587 1556 vul-

204 1588 258 1631 go
290 1576 540 1631 appellatam
563 1575 795 1617 Palatinam
817 1606 829 1624 ,
862 1589 973 1617 nunc
997 1574 1208 1626 Quartiere
1227 1575 1275 1615 di
1293 1575 1338 1617 S.
1362 1574 1550 1615 Lorenzo
1570 1604 1584 1623 ,

188 1642 250 1675 v>ut
283 1633 412 1690 liquet
446 1650 495 1678 ex
526 1648 734 1675 marmore
786 1633 836 1675 ab
870 1631 1120 1689 Honuphrio
1160 1632 1360 1676 Panvinio
1413 1632 1588 1674 recitato

207 1692 250 1732 in
285 1691 414 1733 Fastis
448 1692 758 1734 Consularibus.
792 1692 908 1735 Haec
942 1701 984 1734 et
1032 1692 1269 1748 Augustalis
1301 1692 1427 1733 etiam
1479 1689 1588 1732 dic-ta

211 1750 308 1797 fuit,
345 1750 394 1799 ab
426 1750 599 1804 Augusti
632 1751 785 1806 palatio
808 1785 820 1804 ,
853 1750 965 1807 quod
998 1750 1039 1791 in
1074 1766 1119 1793 ea
1142 1746 1388 1805 adsur'gebat
1403 1749 1584 1804 regione.

209 1806 306 1848 Fuit
339 1807 463 1849 etiam
511 1807 888 1849 Alexandrinorum
935 1809 990 1849 ibi
1035 1810 1152 1864 regio
1201 1808 1250 1849 ab
1302 1805 1586 1849 Alexandrinis

207 1865 542 1921 mercatoribus,
578 1865 647 1920 qui
680 1864 787 1907 hanc
821 1866 932 1906 urbis
966 1866 1203 1908 incolebant
1249 1875 1420 1922 partem.
1468 1865 1588 1906 Tuti·

207 1923 334 1973 uius3
366 1923 537 1979 Origine
569 1923 631 1965 dei
665 1922 781 1965 sedili
813 1923 852 1965 di
885 1924 1038 1982 Napoli
1059 1955 1071 1974 ‚
1102 1923 1357 1966 mentionem
1379 1924 1476 1966 facit
1504 1924 1583 1967 vici

212 1981 586 2024 Alexandrinorum
613 1998 620 2022 :
675 1983 792 2025 locus
843 1982 912 2026 hic
961 1998 1070 2025 nunc
1123 1984 1319 2040 temporis
1375 1982 1584 2025 dictitatur

210 2045 419 2096 Q-mtiere
455 2044 496 2083 di
527 2042 682 2097 Seggio
713 2044 754 2082 di
788 2041 921 2096 Nido,
960 2042 1026 2085 vel
1057 2042 1157 2084 Nilo
1197 2058 1220 2084 a
1268 2041 1354 2083 Nili
1401 2041 1583 2085 fluminis

215 2261 346 2299 Auiani
376 2262 474 2298 latus
503 2263 614 2306 latu32
644 2271 708 2314 'per
735 2272 873 2302 montes
902 2266 985 2303 inde
1015 2267 1227 2315 olibanum,
1255 2269 1494 2319 Leucogaeos,
1518 2284 1588 2320 per

212 2311 372 2349 vulcani
400 2313 729 2354 Famuvi‘uteoios
758 2318 873 2355 viator
901 2319 1161 2368 perveniebat?

1147 2371 1169 2395 κ
