1920 2579
261 154 472 195 Cumanos
508 154 678 209 insuper
709 152 901 196 habuisse
936 154 1042 197 olim.
1076 169 1221 208 agrum
1244 153 1342 196 satis
1374 113 1524 199 exten?

117 212 262 262 Jaum,
297 223 335 254 et
366 212 543 255 feracem.
575 228 623 254 ex
654 212 845 253 omnibus
878 214 1148 255 confirmatur
1196 215 1367 254 vetustis
1421 217 1523 258 scri-

146 269 333 327 ptoribue
354 303 363 321 ,
399 272 458 312 uti
493 272 686 314 patavino
719 270 1084 328 historiographo,
1120 281 1159 312 et
1181 274 1419 329 praesertim
1438 277 1522 316 Ha-

149 330 419 372 iicarnassaeo
450 330 521 371 lib.
559 329 673 372 VIII.
706 328 816 385 quod
850 330 1071 374 confirmat
1104 331 1251 372 Strabo
1272 331 1340 372 lib.
1364 332 1413 373 V.
1433 334 1522 375 Hu-

143 385 255 429 iusce
291 389 345 429 rei
380 384 438 430 tot
470 389 589 431 villae
623 388 876 437 celebratae,
912 399 1051 446 totque
1085 388 1230 431 domus
1263 389 1306 430 in
1327 389 1438 433 hisee
1458 392 1521 434 lo-

143 446 201 487 cis
233 446 355 487 fidem
388 446 521 489 adhuc
555 444 787 488 ostendunt.
822 447 941 488 Baias
973 449 1074 490 olim
1107 449 1276 504 insuper
1309 450 1400 506 agri
1436 451 1521 492 Cu-

143 505 254 544 mani
288 517 446 562 partem
477 506 599 548 fuisse
634 521 683 548 ex
717 506 849 547 Dione
881 505 953 548 lib.
986 507 1178 548 XLVlII.
1215 523 1254 548 n.
1306 508 1360 548 50
1413 509 1522 553 acci-

144 562 291 617 pimus.
326 565 359 605 A
395 574 505 606 tanta
539 579 637 608 vero
670 580 823 615 rerum,
856 574 978 622 atque
997 565 1234 608 divitiarum
1255 567 1386 622 copia,
1410 583 1522 626 quae

141 621 202 661 illi
236 638 257 664 a
287 617 431 664 natura
464 621 637 665 donatae
670 623 834 665 suerunt
856 657 867 676 ,
908 623 1005 665 urbs
1055 623 1239 678 cecidit,
1299 636 1522 684 postquam

142 679 315 722 Romani
345 682 458 723 illam
490 693 778 740 occuparunt,
812 691 853 723 et
882 680 931 724 ad
965 683 1081 724 illum
1114 693 1267 724 statum
1299 684 1374 725 fuit
1408 685 1521 728 reda-

139 748 204 779 cta
227 768 239 788 ‚
274 750 317 781 ut
348 741 404 782 ibi
435 740 656 785 Coloniam
689 739 943 782 deduxerint.
972 742 1084 784 Hinc
1135 743 1294 784 ratione
1343 743 1521 787 affirmat

139 798 358 842 Frontinus
392 800 461 842 lib.
495 799 542 842 de
575 799 724 841 Colon.
759 799 823 841 his
855 799 1017 843 verbis:
1051 799 1218 842 Cumae
1251 816 1371 843 muro
1391 803 1520 845 ducta

140 857 318 898 Colonia
339 890 349 910 ,
395 861 448 900 ab
481 865 669 916 Augusto
703 859 900 900 deducta.
934 858 1032 900 Inde
1065 859 1108 901 in
1142 859 1421 916 Municipium
1440 862 1529 904 fuit.D

138 929 367 967 conversa,
401 917 508 975 quod
554 916 704 960 accidit
758 918 923 960 circiter
974 933 1131 960 annum
1171 916 1418 962 CCCCXV.
1477 919 1524 963 ld

139 973 409 1017 confirmatur
438 992 486 1018 ex
520 976 655 1032 lapide
685 978 811 1018 allato
843 993 866 1018 a
896 976 1078 1032 Capacio
1111 975 1217 1018 Hist.
1251 977 1429 1034 Neapol.
1446 979 1522 1023 lib.

136 1032 256 1081 II.‚c.
303 1047 369 1076 20.
407 1033 531 1089 Quod
582 1033 813 1077 evidentius
865 1049 886 1074 a
934 1035 1057 1077 Livio
1094 1035 1395 1090 comprobatur
1445 1038 1519 1079 lib.

137 1089 209 1131 III.
245 1108 282 1134 c.
321 1106 369 1134 10
403 1094 507 1135 Item
541 1102 583 1133 ut
617 1093 869 1148 Municipes
910 1093 1101 1135 Cumani
1149 1103 1326 1144 essent,
1374 1095 1520 1150 pridie

135 1164 266 1205 qnam
292 1153 483 1206 populus
516 1151 770 1206 Campanus
806 1168 833 1192 a
858 1153 1021 1208 populo
1040 1152 1244 1193 Romano
1272 1152 1519 1204 defecisset.

132 1209 235 1250 Sunt
267 1212 336 1267 qui
370 1210 451 1254 hoc
484 1209 655 1267 opidum
687 1219 855 1253 narrant
895 1211 1022 1253 etiam
1070 1209 1377 1253 praefecturam
1430 1229 1522 1257 eva-

129 1267 226 1310 sisse
247 1300 258 1319 ,
290 1268 412 1326 idque
442 1270 616 1327 probant
652 1285 701 1312 ex
734 1272 866 1313 Festo.
900 1272 1111 1313 Tantaene
1145 1269 1247 1313 olim
1283 1270 1395 1313 urbis
1442 1273 1520 1314 mi-

132 1342 220 1369 sera
255 1328 460 1370 conditio!

250 1390 347 1440 Quo
383 1403 481 1430 vero
516 1397 701 1443 tempore
740 1387 934 1437 Puteoli,
965 1387 1115 1438 Baiae,
1168 1396 1209 1428 et
1244 1387 1381 1430 vicina
1421 1389 1517 1433 loca

130 1458 151 1483 a
190 1443 384 1486 Romanis
417 1445 601 1487 habitata
635 1444 748 1487 fuere
770 1477 782 1495 ,
819 1454 908 1487 tum
948 1445 1106 1487 Cumae
1142 1453 1348 1488 vetustate
1383 1447 1512 1490 colla-

126 1502 270 1544 bentes
303 1502 534 1561 derelinqui
575 1513 813 1561 coeperunt.
849 1503 956 1546 Hinc
989 1503 1198 1547 Iuvenalis
1248 1504 1382 1562 Satyr.
1432 1506 1509 1547 ΠΙ.

129 1576 166 1604 v.
207 1578 227 1602 2
260 1561 333 1604 has
366 1561 562 1606 describit
602 1563 682 1603 iam
714 1577 843 1620 prope
892 1561 1143 1615 derelictas,
1192 1577 1274 1620 quo
1319 1573 1509 1621 tempore

127 1619 307 1677 praefata
346 1620 434 1665 loca
464 1621 680 1672 adamata,
713 1631 754 1662 et
793 1622 834 1662 in
868 1622 1004 1678 pretio
1035 1622 1216 1664 fuerunt.
1273 1622 1383 1666 Hinc
1419 1624 1508 1666 lau-

127 1679 256 1721 datus·
282 1688 401 1738 poeta
426 1680 687 1722 Vmbritium
719 1679 925 1738 quendam
958 1690 1110 1736 rogat,
1153 1680 1210 1722 uti
1244 1680 1425 1724 Romam
1443 1680 1509 1725 de-

126 1748 234 1780 serat
268 1739 363 1781 satis
399 1739 661 1794 frequentem
699 1739 847 1782 urbem
868 1771 878 1790 ,
919 1751 959 1782 et
980 1740 1088 1783 vitiis
1111 1738 1406 1792 abundantem,
1425 1757 1508 1801 quo

129 1796 285 1841 Cumas
320 1806 450 1856 prope
483 1797 659 1840 desertas
681 1829 694 1848 ,
727 1808 767 1839 et
805 1814 953 1840 vacuas
978 1808 1121 1855 petat:

245 1914 397 1956 Laudo
436 1924 580 1956 tamen
616 1919 794 1964 vacuis,
828 1914 943 1973 qaod
973 1913 1120 1956 sedem
1137 1914 1288 1973 figere
1317 1915 1467 1959 Cumis

244 1973 466 2024 Destinet,
502 1984 630 2032 atque
662 1989 795 2015 unum
831 1978 970 2016 civem
1009 1973 1179 2015 donare
1206 1975 1419 2031 Sibyllae.

124 2088 362 2132 Hodiedum
401 2089 454 2132 de
490 2090 663 2133 huiusce
696 2091 810 2133 urbis
862 2090 1173 2147 magnificentia
1233 2092 1359 2135 nihil.
1395 2093 1510 2137 aliud

122 2157 248 2190 restat
270 2180 284 2200 ,
327 2164 452 2207 quam
483 2150 635 2208 passim
660 2165 733 2206 per
766 2151 940 2201 collem,
977 2166 1132 2208 perque
1169 2167 1291 2209 agros
1337 2155 1505 2210 perplu-

121 2222 167 2248 ra
197 2208 399 2265 vestigia:
436 2209 542 2251 inter
580 2225 684 2267 quae
726 2221 970 2251 numeratur
1001 2214 1140 2251 Arcus
1173 2210 1243 2254 ille
1274 2211 1403 2269 vulgo
1424 2212 1508 2253 Fe-

122 2265 192 2307 lix
229 2277 503 2325 nuncupatus.
543 2269 637 2313 Hoc
673 2267 911 2313 aedificium
942 2268 1124 2312 lateritio
1160 2269 1238 2314 fuit
1274 2285 1416 2328 opere,
1454 2271 1508 2313 si-
