<?xml version="1.0" encoding="UTF-8"?>
<!DOCTYPE html PUBLIC "-//W3C//DTD XHTML 1.0 Transitional//EN"
    "http://www.w3.org/TR/xhtml1/DTD/xhtml1-transitional.dtd">
<html xmlns="http://www.w3.org/1999/xhtml" xml:lang="en" lang="en">
 <head>
  <title>
</title>
<meta http-equiv="Content-Type" content="text/html;charset=utf-8" />
  <meta name='ocr-system' content='tesseract 3.04.00' />
  <meta name='ocr-capabilities' content='ocr_page ocr_carea ocr_par ocr_line ocrx_word'/>
</head>
<body>
  <div class='ocr_page' id='page_1' title='image "./universiaecampan01laur/universiaecampan01laur_0216.png"; bbox 0 0 1920 2579; ppageno 0'>
   <div class='ocr_carea' id='block_1_1' title="bbox 323 133 1689 250">
    <p class='ocr_par' dir='ltr' id='par_1_1' title="bbox 323 133 1689 250">
     <span class='ocr_line' id='line_1_1' title="bbox 327 139 379 168; baseline -0.019 0"><span class='ocrx_word' id='word_1_1' title='bbox 327 139 379 168; x_wconf 83' lang='lat'>20</span> 
     </span>
     <span class='ocr_line' id='line_1_2' title="bbox 323 133 1689 250; baseline 0 -25"><span class='ocrx_word' id='word_1_2' title='bbox 323 133 422 226; x_wconf 64' lang='lat' dir='ltr'>vicit</span> <span class='ocrx_word' id='word_1_3' title='bbox 459 192 668 226; x_wconf 80' lang='lat' dir='ltr'>certamen</span> <span class='ocrx_word' id='word_1_4' title='bbox 707 195 950 238; x_wconf 75' lang='lat' dir='ltr'>magnorum</span> <span class='ocrx_word' id='word_1_5' title='bbox 985 179 1332 250; x_wconf 36' lang='lat' dir='ltr'>Qapitolinorum.</span> <span class='ocrx_word' id='word_1_6' title='bbox 1355 181 1491 242; x_wconf 85' lang='lat' dir='ltr'>primo</span> <span class='ocrx_word' id='word_1_7' title='bbox 1536 193 1689 229; x_wconf 83' lang='lat' dir='ltr'>aetum.</span> 
     </span>
    </p>
   </div>
   <div class='ocr_carea' id='block_1_2' title="bbox 291 241 1691 2345">
    <p class='ocr_par' dir='ltr' id='par_1_2' title="bbox 323 241 1691 402">
     <span class='ocr_line' id='line_1_3' title="bbox 323 241 1690 299; baseline 0.004 -17"><span class='ocrx_word' id='word_1_8' title='bbox 323 242 402 284; x_wconf 85' lang='lat' dir='ltr'>Sed</span> <span class='ocrx_word' id='word_1_9' title='bbox 428 243 522 299; x_wconf 85' lang='lat' dir='ltr'>quia</span> <span class='ocrx_word' id='word_1_10' title='bbox 561 241 748 284; x_wconf 84' lang='lat' dir='ltr'>laudatus</span> <span class='ocrx_word' id='word_1_11' title='bbox 778 241 962 284; x_wconf 82' lang='lat' dir='ltr'>Graecus</span> <span class='ocrx_word' id='word_1_12' title='bbox 996 241 1099 299; x_wconf 84' lang='lat' dir='ltr'>lapis</span> <span class='ocrx_word' id='word_1_13' title='bbox 1134 250 1194 283; x_wconf 88' lang='lat' dir='ltr'>est</span> <span class='ocrx_word' id='word_1_14' title='bbox 1218 241 1524 296; x_wconf 80' lang='lat' dir='ltr'>longiusculus,</span> <span class='ocrx_word' id='word_1_15' title='bbox 1563 254 1607 285; x_wconf 90' lang='lat' dir='ltr'>et</span> <span class='ocrx_word' id='word_1_16' title='bbox 1640 245 1690 286; x_wconf 86' lang='lat' dir='ltr'>ab</span> 
     </span>
     <span class='ocr_line' id='line_1_4' title="bbox 323 298 1691 357; baseline 0.003 -16"><span class='ocrx_word' id='word_1_17' title='bbox 323 300 494 357; x_wconf 78' lang='lat' dir='ltr'>Ignarra</span> <span class='ocrx_word' id='word_1_18' title='bbox 533 301 758 344; x_wconf 82' lang='lat' dir='ltr'>illustratus</span> <span class='ocrx_word' id='word_1_19' title='bbox 778 331 792 350; x_wconf 89' lang='lat'>‚</span> <span class='ocrx_word' id='word_1_20' title='bbox 827 299 983 343; x_wconf 87' lang='lat' dir='ltr'>idcirco</span> <span class='ocrx_word' id='word_1_21' title='bbox 1001 298 1201 345; x_wconf 80' lang='lat' dir='ltr'>lectorem</span> <span class='ocrx_word' id='word_1_22' title='bbox 1226 298 1277 342; x_wconf 83' lang='lat' dir='ltr'>ad</span> <span class='ocrx_word' id='word_1_23' title='bbox 1301 299 1421 342; x_wconf 78' lang='lat' dir='ltr'>illum</span> <span class='ocrx_word' id='word_1_24' title='bbox 1443 301 1691 345; x_wconf 81' lang='lat' dir='ltr'><strong>remittimus</strong></span> 
     </span>
     <span class='ocr_line' id='line_1_5' title="bbox 323 359 488 402; baseline 0.006 -3"><span class='ocrx_word' id='word_1_25' title='bbox 323 359 488 402; x_wconf 83' lang='lat' dir='ltr'>ibidem.</span> 
     </span>
    </p>

    <p class='ocr_par' dir='ltr' id='par_1_3' title="bbox 314 416 1689 881">
     <span class='ocr_line' id='line_1_6' title="bbox 429 416 1688 475; baseline 0.004 -17"><span class='ocrx_word' id='word_1_26' title='bbox 429 419 543 460; x_wconf 88' lang='lat' dir='ltr'>Duae</span> <span class='ocrx_word' id='word_1_27' title='bbox 578 433 672 460; x_wconf 81' lang='lat' dir='ltr'>vero</span> <span class='ocrx_word' id='word_1_28' title='bbox 707 419 746 460; x_wconf 88' lang='lat' dir='ltr'>in</span> <span class='ocrx_word' id='word_1_29' title='bbox 769 417 850 461; x_wconf 87' lang='lat' dir='ltr'>hoc</span> <span class='ocrx_word' id='word_1_30' title='bbox 887 417 1117 474; x_wconf 81' lang='lat' dir='ltr'>Gymnasio</span> <span class='ocrx_word' id='word_1_31' title='bbox 1154 416 1456 475; x_wconf 75' lang='lat' dir='ltr'>peragebantur</span> <span class='ocrx_word' id='word_1_32' title='bbox 1490 418 1688 472; x_wconf 75' lang='lat' dir='ltr'>ludo-rum</span> 
     </span>
     <span class='ocr_line' id='line_1_7' title="bbox 318 475 1687 535; baseline 0.001 -17"><span class='ocrx_word' id='word_1_33' title='bbox 318 476 486 534; x_wconf 75' lang='lat' dir='ltr'>species,</span> <span class='ocrx_word' id='word_1_34' title='bbox 510 492 658 535; x_wconf 80' lang='lat' dir='ltr'>nempe</span> <span class='ocrx_word' id='word_1_35' title='bbox 691 479 905 521; x_wconf 80' lang='lat' dir='ltr'>literarum</span> <span class='ocrx_word' id='word_1_36' title='bbox 924 477 1066 520; x_wconf 84' lang='lat' dir='ltr'>schola</span> <span class='ocrx_word' id='word_1_37' title='bbox 1089 509 1103 528; x_wconf 82' lang='grc'>,</span> <span class='ocrx_word' id='word_1_38' title='bbox 1136 478 1182 519; x_wconf 86' lang='lat' dir='ltr'>in</span> <span class='ocrx_word' id='word_1_39' title='bbox 1215 490 1295 533; x_wconf 82' lang='lat' dir='ltr'>qua</span> <span class='ocrx_word' id='word_1_40' title='bbox 1317 475 1574 534; x_wconf 82' lang='lat' dir='ltr'>philosophi,</span> <span class='ocrx_word' id='word_1_41' title='bbox 1595 479 1687 522; x_wconf 89' lang='lat' dir='ltr'>rhe-</span> 
     </span>
     <span class='ocr_line' id='line_1_8' title="bbox 318 534 1689 598; baseline 0.001 -22"><span class='ocrx_word' id='word_1_42' title='bbox 318 544 425 598; x_wconf 50' lang='lat' dir='ltr'>{Pres</span> <span class='ocrx_word' id='word_1_43' title='bbox 447 566 458 585; x_wconf 85' lang='lat'><strong>,</strong></span> <span class='ocrx_word' id='word_1_44' title='bbox 490 546 634 591; x_wconf 83' lang='lat' dir='ltr'>poetae</span> <span class='ocrx_word' id='word_1_45' title='bbox 655 567 670 587; x_wconf 85' lang='lat'><em>‚</em></span> <span class='ocrx_word' id='word_1_46' title='bbox 713 537 862 594; x_wconf 84' lang='lat' dir='ltr'>aliique</span> <span class='ocrx_word' id='word_1_47' title='bbox 899 536 977 579; x_wconf 82' lang='lat' dir='ltr'>viri</span> <span class='ocrx_word' id='word_1_48' title='bbox 1009 535 1120 578; x_wconf 88' lang='lat' dir='ltr'>docti</span> <span class='ocrx_word' id='word_1_49' title='bbox 1150 534 1387 578; x_wconf 84' lang='lat' dir='ltr'>addiscendi</span> <span class='ocrx_word' id='word_1_50' title='bbox 1436 551 1559 578; x_wconf 85' lang='lat' dir='ltr'>causa</span> <span class='ocrx_word' id='word_1_51' title='bbox 1581 569 1592 587; x_wconf 91' lang='lat'>,</span> <span class='ocrx_word' id='word_1_52' title='bbox 1649 548 1689 581; x_wconf 74' lang='lat' dir='ltr'>et</span> 
     </span>
     <span class='ocr_line' id='line_1_9' title="bbox 318 593 1688 652; baseline 0.003 -17"><span class='ocrx_word' id='word_1_53' title='bbox 318 593 515 636; x_wconf 85' lang='lat' dir='ltr'>edocendi</span> <span class='ocrx_word' id='word_1_54' title='bbox 549 610 753 652; x_wconf 83' lang='lat' dir='ltr'>quamque</span> <span class='ocrx_word' id='word_1_55' title='bbox 790 596 1003 637; x_wconf 81' lang='lat' dir='ltr'>scientiam</span> <span class='ocrx_word' id='word_1_56' title='bbox 1042 593 1359 637; x_wconf 77' lang='lat' dir='ltr'>conveniebant:</span> <span class='ocrx_word' id='word_1_57' title='bbox 1396 593 1546 636; x_wconf 81' lang='lat' dir='ltr'>alterae</span> <span class='ocrx_word' id='word_1_58' title='bbox 1568 595 1688 639; x_wconf 85' lang='lat' dir='ltr'>ludo-</span> 
     </span>
     <span class='ocr_line' id='line_1_10' title="bbox 316 651 1688 710; baseline 0.003 -17"><span class='ocrx_word' id='word_1_59' title='bbox 316 668 410 693; x_wconf 81' lang='lat' dir='ltr'>rum</span> <span class='ocrx_word' id='word_1_60' title='bbox 445 653 599 710; x_wconf 87' lang='lat' dir='ltr'>species</span> <span class='ocrx_word' id='word_1_61' title='bbox 635 663 750 695; x_wconf 87' lang='lat' dir='ltr'>erant</span> <span class='ocrx_word' id='word_1_62' title='bbox 780 653 1028 710; x_wconf 87' lang='lat' dir='ltr'>Gymnicae:</span> <span class='ocrx_word' id='word_1_63' title='bbox 1068 669 1090 695; x_wconf 89' lang='lat' dir='ltr'>a</span> <span class='ocrx_word' id='word_1_64' title='bbox 1122 653 1296 694; x_wconf 81' lang='lat' dir='ltr'>Graecis</span> <span class='ocrx_word' id='word_1_65' title='bbox 1325 651 1524 699; x_wconf 57' lang='lat' dir='ltr'>Homnpozm</span> <span class='ocrx_word' id='word_1_66' title='bbox 1551 680 1560 697; x_wconf 62' lang='lat'>2</span> <span class='ocrx_word' id='word_1_67' title='bbox 1591 664 1631 696; x_wconf 85' lang='lat' dir='ltr'>et</span> <span class='ocrx_word' id='word_1_68' title='bbox 1666 672 1688 698; x_wconf 86' lang='lat' dir='ltr'>a</span> 
     </span>
     <span class='ocr_line' id='line_1_11' title="bbox 314 708 1685 768; baseline 0.002 -16"><span class='ocrx_word' id='word_1_69' title='bbox 314 711 471 752; x_wconf 84' lang='lat' dir='ltr'>Latinis</span> <span class='ocrx_word' id='word_1_70' title='bbox 507 712 775 767; x_wconf 77' lang='lat' dir='ltr'><strong><em>Quinquatria</em></strong></span> <span class='ocrx_word' id='word_1_71' title='bbox 809 710 1033 767; x_wconf 82' lang='lat' dir='ltr'>appellatae</span> <span class='ocrx_word' id='word_1_72' title='bbox 1053 741 1067 760; x_wconf 87' lang='lat'>,</span> <span class='ocrx_word' id='word_1_73' title='bbox 1103 712 1172 767; x_wconf 89' lang='lat' dir='ltr'>qui</span> <span class='ocrx_word' id='word_1_74' title='bbox 1205 708 1372 766; x_wconf 81' lang='lat' dir='ltr'>quidem</span> <span class='ocrx_word' id='word_1_75' title='bbox 1389 708 1475 751; x_wconf 90' lang='lat' dir='ltr'>ludi</span> <span class='ocrx_word' id='word_1_76' title='bbox 1498 709 1547 752; x_wconf 87' lang='lat' dir='ltr'>ad</span> <span class='ocrx_word' id='word_1_77' title='bbox 1567 713 1685 768; x_wconf 86' lang='lat' dir='ltr'>quin-</span> 
     </span>
     <span class='ocr_line' id='line_1_12' title="bbox 315 767 1685 825; baseline 0.003 -15"><span class='ocrx_word' id='word_1_78' title='bbox 315 783 392 824; x_wconf 82' lang='lat' dir='ltr'>que</span> <span class='ocrx_word' id='word_1_79' title='bbox 416 771 729 812; x_wconf 80' lang='lat' dir='ltr'>exercitationes</span> <span class='ocrx_word' id='word_1_80' title='bbox 756 767 1046 825; x_wconf 78' lang='lat' dir='ltr'>redigebantur</span> <span class='ocrx_word' id='word_1_81' title='bbox 1066 799 1079 818; x_wconf 80' lang='lat'>‚</span> <span class='ocrx_word' id='word_1_82' title='bbox 1117 768 1271 810; x_wconf 84' lang='lat' dir='ltr'>Cursus</span> <span class='ocrx_word' id='word_1_83' title='bbox 1293 782 1440 825; x_wconf 85' lang='lat' dir='ltr'>nempe</span> <span class='ocrx_word' id='word_1_84' title='bbox 1455 800 1471 821; x_wconf 78' lang='lat'><em>,</em></span> <span class='ocrx_word' id='word_1_85' title='bbox 1499 772 1653 814; x_wconf 84' lang='lat' dir='ltr'>Luctae</span> <span class='ocrx_word' id='word_1_86' title='bbox 1671 804 1685 823; x_wconf 77' lang='lat'>‚</span> 
     </span>
     <span class='ocr_line' id='line_1_13' title="bbox 315 825 1615 881; baseline 0.001 -14"><span class='ocrx_word' id='word_1_87' title='bbox 315 827 450 868; x_wconf 85' lang='lat' dir='ltr'>Saltus</span> <span class='ocrx_word' id='word_1_88' title='bbox 475 858 487 877; x_wconf 89' lang='lat'><strong>,</strong></span> <span class='ocrx_word' id='word_1_89' title='bbox 526 828 672 879; x_wconf 81' lang='lat' dir='ltr'>Disci,</span> <span class='ocrx_word' id='word_1_90' title='bbox 706 837 745 868; x_wconf 88' lang='lat' dir='ltr'>et</span> <span class='ocrx_word' id='word_1_91' title='bbox 791 827 1008 881; x_wconf 79' lang='lat' dir='ltr'>Pugilatus.</span> <span class='ocrx_word' id='word_1_92' title='bbox 1043 827 1103 870; x_wconf 92' lang='lat' dir='ltr'>De</span> <span class='ocrx_word' id='word_1_93' title='bbox 1133 825 1247 869; x_wconf 85' lang='lat' dir='ltr'>hisce</span> <span class='ocrx_word' id='word_1_94' title='bbox 1277 826 1392 868; x_wconf 86' lang='lat' dir='ltr'>infra.</span> <span class='ocrx_word' id='word_1_95' title='bbox 1452 860 1461 868; x_wconf 88' lang='lat'>.</span> <span class='ocrx_word' id='word_1_96' title='bbox 1608 853 1615 859; x_wconf 77' lang='lat'>-</span> 
     </span>
    </p>

    <p class='ocr_par' dir='ltr' id='par_1_4' title="bbox 291 884 1683 2345">
     <span class='ocr_line' id='line_1_14' title="bbox 429 884 1682 944; baseline 0.002 -17"><span class='ocrx_word' id='word_1_97' title='bbox 429 885 580 928; x_wconf 86' lang='lat' dir='ltr'>Schola</span> <span class='ocrx_word' id='word_1_98' title='bbox 621 886 788 928; x_wconf 87' lang='lat' dir='ltr'>interim</span> <span class='ocrx_word' id='word_1_99' title='bbox 826 886 1098 944; x_wconf 84' lang='lat' dir='ltr'>Neapolitana</span> <span class='ocrx_word' id='word_1_100' title='bbox 1133 884 1259 927; x_wconf 85' lang='lat' dir='ltr'>dubio</span> <span class='ocrx_word' id='word_1_101' title='bbox 1297 886 1442 944; x_wconf 87' lang='lat' dir='ltr'>procul</span> <span class='ocrx_word' id='word_1_102' title='bbox 1475 887 1574 929; x_wconf 85' lang='lat' dir='ltr'>alias</span> <span class='ocrx_word' id='word_1_103' title='bbox 1590 902 1682 930; x_wconf 90' lang='lat' dir='ltr'>om-</span> 
     </span>
     <span class='ocr_line' id='line_1_15' title="bbox 312 944 1681 1002; baseline 0.004 -17"><span class='ocrx_word' id='word_1_104' title='bbox 312 959 383 986; x_wconf 84' lang='lat' dir='ltr'>nes</span> <span class='ocrx_word' id='word_1_105' title='bbox 419 960 517 986; x_wconf 86' lang='lat' dir='ltr'>cum</span> <span class='ocrx_word' id='word_1_106' title='bbox 553 944 786 998; x_wconf 78' lang='lat' dir='ltr'>Graeciae,</span> <span class='ocrx_word' id='word_1_107' title='bbox 825 953 912 985; x_wconf 85' lang='lat' dir='ltr'>tum</span> <span class='ocrx_word' id='word_1_108' title='bbox 945 944 1085 986; x_wconf 84' lang='lat' dir='ltr'>Italiae</span> <span class='ocrx_word' id='word_1_109' title='bbox 1125 952 1286 986; x_wconf 78' lang='lat' dir='ltr'>ceteras</span> <span class='ocrx_word' id='word_1_110' title='bbox 1319 946 1681 1002; x_wconf 78' lang='lat' dir='ltr'>superaviturbeS,</span> 
     </span>
     <span class='ocr_line' id='line_1_16' title="bbox 310 1000 1681 1061; baseline 0.003 -18"><span class='ocrx_word' id='word_1_111' title='bbox 310 1001 581 1060; x_wconf 76' lang='lat' dir='ltr'>hominesque</span> <span class='ocrx_word' id='word_1_112' title='bbox 619 1004 804 1061; x_wconf 85' lang='lat' dir='ltr'>apprime</span> <span class='ocrx_word' id='word_1_113' title='bbox 841 1000 1060 1052; x_wconf 82' lang='lat' dir='ltr'>eruditos,</span> <span class='ocrx_word' id='word_1_114' title='bbox 1108 1001 1395 1059; x_wconf 83' lang='lat' dir='ltr'>sapientesque</span> <span class='ocrx_word' id='word_1_115' title='bbox 1437 1003 1681 1049; x_wconf 76' lang='lat' dir='ltr'>efformavit.</span> 
     </span>
     <span class='ocr_line' id='line_1_17' title="bbox 310 1059 1681 1120; baseline 0.004 -20"><span class='ocrx_word' id='word_1_116' title='bbox 310 1059 467 1103; x_wconf 88' lang='lat' dir='ltr'>Ibidem</span> <span class='ocrx_word' id='word_1_117' title='bbox 506 1061 615 1103; x_wconf 89' lang='lat' dir='ltr'>enim</span> <span class='ocrx_word' id='word_1_118' title='bbox 651 1061 804 1120; x_wconf 85' lang='lat' dir='ltr'>primos</span> <span class='ocrx_word' id='word_1_119' title='bbox 833 1077 854 1103; x_wconf 86' lang='lat' dir='ltr'>e</span> <span class='ocrx_word' id='word_1_120' title='bbox 894 1060 1071 1104; x_wconf 83' lang='lat' dir='ltr'>Graecia</span> <span class='ocrx_word' id='word_1_121' title='bbox 1095 1059 1205 1105; x_wconf 83' lang='lat' dir='ltr'>viros</span> <span class='ocrx_word' id='word_1_122' title='bbox 1235 1059 1513 1118; x_wconf 84' lang='lat' dir='ltr'>philosophos</span> <span class='ocrx_word' id='word_1_123' title='bbox 1536 1065 1681 1105; x_wconf 82' lang='lat' dir='ltr'>evasis-</span> 
     </span>
     <span class='ocr_line' id='line_1_18' title="bbox 310 1118 1682 1176; baseline 0.004 -16"><span class='ocrx_word' id='word_1_124' title='bbox 310 1134 350 1160; x_wconf 85' lang='lat' dir='ltr'>se</span> <span class='ocrx_word' id='word_1_125' title='bbox 385 1121 538 1163; x_wconf 84' lang='lat' dir='ltr'>scimus</span> <span class='ocrx_word' id='word_1_126' title='bbox 557 1152 567 1172; x_wconf 90' lang='lat'>‚</span> <span class='ocrx_word' id='word_1_127' title='bbox 603 1129 648 1161; x_wconf 89' lang='lat' dir='ltr'>ut</span> <span class='ocrx_word' id='word_1_128' title='bbox 680 1119 824 1162; x_wconf 84' lang='lat' dir='ltr'>sileam</span> <span class='ocrx_word' id='word_1_129' title='bbox 863 1118 1154 1163; x_wconf 84' lang='lat' dir='ltr'>celeberrimos</span> <span class='ocrx_word' id='word_1_130' title='bbox 1185 1134 1332 1162; x_wconf 85' lang='lat' dir='ltr'>aureae</span> <span class='ocrx_word' id='word_1_131' title='bbox 1354 1120 1496 1161; x_wconf 80' lang='lat' dir='ltr'>aetatis</span> <span class='ocrx_word' id='word_1_132' title='bbox 1528 1130 1682 1176; x_wconf 73' lang='lat' dir='ltr'>poetae.</span> 
     </span>
     <span class='ocr_line' id='line_1_19' title="bbox 314 1175 1683 1235; baseline 0.004 -17"><span class='ocrx_word' id='word_1_133' title='bbox 314 1177 425 1221; x_wconf 87' lang='lat' dir='ltr'>Hinc</span> <span class='ocrx_word' id='word_1_134' title='bbox 464 1188 627 1223; x_wconf 77' lang='lat' dir='ltr'>constat</span> <span class='ocrx_word' id='word_1_135' title='bbox 665 1178 893 1234; x_wconf 77' lang='lat' dir='ltr'>Virgilium</span> <span class='ocrx_word' id='word_1_136' title='bbox 924 1179 963 1219; x_wconf 91' lang='lat' dir='ltr'>in</span> <span class='ocrx_word' id='word_1_137' title='bbox 982 1175 1381 1235; x_wconf 78' lang='lat' dir='ltr'>Neapolitano,ludo</span> <span class='ocrx_word' id='word_1_138' title='bbox 1412 1193 1454 1220; x_wconf 80' lang='lat' dir='ltr'>se</span> <span class='ocrx_word' id='word_1_139' title='bbox 1477 1178 1683 1223; x_wconf 78' lang='lat' dir='ltr'>efformas-</span> 
     </span>
     <span class='ocr_line' id='line_1_20' title="bbox 306 1231 1679 1295; baseline 0.003 -18"><span class='ocrx_word' id='word_1_140' title='bbox 306 1251 374 1277; x_wconf 83' lang='lat' dir='ltr'>ee:</span> <span class='ocrx_word' id='word_1_141' title='bbox 416 1238 501 1293; x_wconf 87' lang='lat' dir='ltr'>ipse</span> <span class='ocrx_word' id='word_1_142' title='bbox 539 1239 650 1279; x_wconf 87' lang='lat' dir='ltr'>enim</span> <span class='ocrx_word' id='word_1_143' title='bbox 682 1236 773 1279; x_wconf 89' lang='lat' dir='ltr'>heic</span> <span class='ocrx_word' id='word_1_144' title='bbox 813 1238 957 1295; x_wconf 80' lang='lat' dir='ltr'>plures</span> <span class='ocrx_word' id='word_1_145' title='bbox 982 1251 1112 1278; x_wconf 83' lang='lat' dir='ltr'>annos</span> <span class='ocrx_word' id='word_1_146' title='bbox 1155 1231 1234 1278; x_wconf 81' lang='lat' dir='ltr'>fuit</span> <span class='ocrx_word' id='word_1_147' title='bbox 1271 1245 1454 1278; x_wconf 83' lang='lat' dir='ltr'>moratus</span> <span class='ocrx_word' id='word_1_148' title='bbox 1479 1270 1494 1288; x_wconf 79' lang='grc'>,</span> <span class='ocrx_word' id='word_1_149' title='bbox 1539 1246 1584 1281; x_wconf 88' lang='lat' dir='ltr'>ut</span> <span class='ocrx_word' id='word_1_150' title='bbox 1622 1249 1679 1282; x_wconf 85' lang='lat' dir='ltr'>te-</span> 
     </span>
     <span class='ocr_line' id='line_1_21' title="bbox 304 1294 1677 1353; baseline 0.002 -17"><span class='ocrx_word' id='word_1_151' title='bbox 304 1304 435 1337; x_wconf 86' lang='lat' dir='ltr'>statur</span> <span class='ocrx_word' id='word_1_152' title='bbox 459 1296 500 1338; x_wconf 87' lang='lat' dir='ltr'>in</span> <span class='ocrx_word' id='word_1_153' title='bbox 537 1297 618 1339; x_wconf 87' lang='lat' dir='ltr'>fine</span> <span class='ocrx_word' id='word_1_154' title='bbox 654 1294 898 1353; x_wconf 83' lang='lat' dir='ltr'>Georgicor.</span> <span class='ocrx_word' id='word_1_155' title='bbox 937 1294 1053 1337; x_wconf 86' lang='lat' dir='ltr'>Haec</span> <span class='ocrx_word' id='word_1_156' title='bbox 1089 1294 1186 1336; x_wconf 83' lang='lat' dir='ltr'>urbs</span> <span class='ocrx_word' id='word_1_157' title='bbox 1217 1304 1302 1336; x_wconf 87' lang='lat' dir='ltr'>tam</span> <span class='ocrx_word' id='word_1_158' title='bbox 1337 1295 1509 1337; x_wconf 87' lang='lat' dir='ltr'>celebris</span> <span class='ocrx_word' id='word_1_159' title='bbox 1551 1296 1596 1338; x_wconf 90' lang='lat' dir='ltr'>in</span> <span class='ocrx_word' id='word_1_160' title='bbox 1628 1299 1677 1339; x_wconf 91' lang='lat' dir='ltr'>li-</span> 
     </span>
     <span class='ocr_line' id='line_1_22' title="bbox 304 1346 1675 1412; baseline 0.002 -17"><span class='ocrx_word' id='word_1_161' title='bbox 304 1356 460 1397; x_wconf 82' lang='lat' dir='ltr'>terariis</span> <span class='ocrx_word' id='word_1_162' title='bbox 497 1357 622 1400; x_wconf 86' lang='lat' dir='ltr'>evasit</span> <span class='ocrx_word' id='word_1_163' title='bbox 660 1353 1019 1398; x_wconf 79' lang='lat' dir='ltr'>exercitationibus</span> <span class='ocrx_word' id='word_1_164' title='bbox 1040 1388 1055 1408; x_wconf 85' lang='lat'>,</span> <span class='ocrx_word' id='word_1_165' title='bbox 1093 1362 1138 1395; x_wconf 83' lang='lat' dir='ltr'>ut</span> <span class='ocrx_word' id='word_1_166' title='bbox 1166 1362 1329 1412; x_wconf 86' lang='lat' dir='ltr'>praeter</span> <span class='ocrx_word' id='word_1_167' title='bbox 1362 1354 1463 1396; x_wconf 58' lang='lat' dir='ltr'>alias</span> <span class='ocrx_word' id='word_1_168' title='bbox 1511 1371 1588 1398; x_wconf 87' lang='lat' dir='ltr'>una</span> <span class='ocrx_word' id='word_1_169' title='bbox 1612 1346 1675 1398; x_wconf 70' lang='lat' dir='ltr'>in-</span> 
     </span>
     <span class='ocr_line' id='line_1_23' title="bbox 303 1409 1675 1473; baseline 0.001 -19"><span class='ocrx_word' id='word_1_170' title='bbox 303 1422 365 1455; x_wconf 83' lang='lat' dir='ltr'>ter</span> <span class='ocrx_word' id='word_1_171' title='bbox 401 1424 554 1457; x_wconf 86' lang='lat' dir='ltr'>ceteras</span> <span class='ocrx_word' id='word_1_172' title='bbox 588 1429 715 1473; x_wconf 84' lang='lat' dir='ltr'>usque</span> <span class='ocrx_word' id='word_1_173' title='bbox 747 1413 868 1455; x_wconf 87' lang='lat' dir='ltr'>fuerit</span> <span class='ocrx_word' id='word_1_174' title='bbox 895 1409 1197 1456; x_wconf 85' lang='lat' dir='ltr'>commendata.</span> <span class='ocrx_word' id='word_1_175' title='bbox 1235 1414 1319 1454; x_wconf 88' lang='lat' dir='ltr'>lam</span> <span class='ocrx_word' id='word_1_176' title='bbox 1353 1411 1421 1455; x_wconf 81' lang='lat' dir='ltr'>illa</span> <span class='ocrx_word' id='word_1_177' title='bbox 1443 1429 1491 1458; x_wconf 81' lang='lat' dir='ltr'>ex</span> <span class='ocrx_word' id='word_1_178' title='bbox 1529 1425 1675 1471; x_wconf 83' lang='lat' dir='ltr'>suapte</span> 
     </span>
     <span class='ocr_line' id='line_1_24' title="bbox 304 1470 1674 1530; baseline 0.003 -17"><span class='ocrx_word' id='word_1_179' title='bbox 304 1472 320 1526; x_wconf 67' lang='grc' dir='ltr'><em>ζ</em></span> <span class='ocrx_word' id='word_1_180' title='bbox 358 1481 400 1513; x_wconf 85' lang='lat' dir='ltr'>ut</span> <span class='ocrx_word' id='word_1_181' title='bbox 434 1474 492 1516; x_wconf 83' lang='lat' dir='ltr'>ita</span> <span class='ocrx_word' id='word_1_182' title='bbox 530 1472 662 1516; x_wconf 86' lang='lat' dir='ltr'>dicam</span> <span class='ocrx_word' id='word_1_183' title='bbox 699 1471 715 1529; x_wconf 88' lang='lat'><em>)</em></span> <span class='ocrx_word' id='word_1_184' title='bbox 754 1473 944 1530; x_wconf 83' lang='lat' dir='ltr'>origine,</span> <span class='ocrx_word' id='word_1_185' title='bbox 973 1470 1156 1514; x_wconf 79' lang='lat' dir='ltr'>scientiis</span> <span class='ocrx_word' id='word_1_186' title='bbox 1174 1471 1365 1513; x_wconf 83' lang='lat' dir='ltr'>omnibus</span> <span class='ocrx_word' id='word_1_187' title='bbox 1405 1487 1491 1514; x_wconf 79' lang='lat' dir='ltr'>sese</span> <span class='ocrx_word' id='word_1_188' title='bbox 1512 1472 1674 1517; x_wconf 79' lang='lat' dir='ltr'>addixit.</span> 
     </span>
     <span class='ocr_line' id='line_1_25' title="bbox 300 1529 1672 1587; baseline 0.001 -16"><span class='ocrx_word' id='word_1_189' title='bbox 300 1531 354 1571; x_wconf 85' lang='lat' dir='ltr'>Et</span> <span class='ocrx_word' id='word_1_190' title='bbox 387 1541 429 1572; x_wconf 89' lang='lat' dir='ltr'>nt</span> <span class='ocrx_word' id='word_1_191' title='bbox 461 1531 718 1574; x_wconf 79' lang='lat' dir='ltr'>doctissimos</span> <span class='ocrx_word' id='word_1_192' title='bbox 749 1533 1035 1587; x_wconf 79' lang='lat' dir='ltr'>cuiuscunque</span> <span class='ocrx_word' id='word_1_193' title='bbox 1069 1529 1158 1573; x_wconf 59' lang='lat' dir='ltr'>aevi</span> <span class='ocrx_word' id='word_1_194' title='bbox 1184 1562 1196 1581; x_wconf 84' lang='lat'><strong>,</strong></span> <span class='ocrx_word' id='word_1_195' title='bbox 1241 1540 1280 1572; x_wconf 89' lang='lat' dir='ltr'>et</span> <span class='ocrx_word' id='word_1_196' title='bbox 1303 1529 1584 1587; x_wconf 80' lang='lat' dir='ltr'>cuiuscunque</span> <span class='ocrx_word' id='word_1_197' title='bbox 1609 1548 1672 1574; x_wconf 90' lang='lat' dir='ltr'>re-</span> 
     </span>
     <span class='ocr_line' id='line_1_26' title="bbox 301 1588 1669 1646; baseline 0.001 -16"><span class='ocrx_word' id='word_1_198' title='bbox 301 1589 435 1643; x_wconf 76' lang='lat' dir='ltr'>gionis</span> <span class='ocrx_word' id='word_1_199' title='bbox 473 1590 581 1632; x_wconf 84' lang='lat' dir='ltr'>viros</span> <span class='ocrx_word' id='word_1_200' title='bbox 614 1598 879 1646; x_wconf 81' lang='lat' dir='ltr'>praeteream,</span> <span class='ocrx_word' id='word_1_201' title='bbox 913 1593 981 1646; x_wconf 86' lang='lat' dir='ltr'>qui</span> <span class='ocrx_word' id='word_1_202' title='bbox 1001 1588 1092 1630; x_wconf 88' lang='lat' dir='ltr'>heic</span> <span class='ocrx_word' id='word_1_203' title='bbox 1111 1589 1323 1630; x_wconf 85' lang='lat' dir='ltr'>turmatim</span> <span class='ocrx_word' id='word_1_204' title='bbox 1342 1592 1638 1632; x_wconf 75' lang='lat' dir='ltr'>convenientes·</span> <span class='ocrx_word' id='word_1_205' title='bbox 1658 1623 1669 1643; x_wconf 65' lang='lat'><strong>7</strong></span> 
     </span>
     <span class='ocr_line' id='line_1_27' title="bbox 300 1645 1669 1704; baseline 0.002 -18"><span class='ocrx_word' id='word_1_206' title='bbox 300 1647 340 1686; x_wconf 77' lang='lat' dir='ltr'>in</span> <span class='ocrx_word' id='word_1_207' title='bbox 380 1648 553 1703; x_wconf 79' lang='lat' dir='ltr'>publicis</span> <span class='ocrx_word' id='word_1_208' title='bbox 586 1648 694 1690; x_wconf 86' lang='lat' dir='ltr'>ludis</span> <span class='ocrx_word' id='word_1_209' title='bbox 719 1648 780 1688; x_wconf 86' lang='lat' dir='ltr'>sui</span> <span class='ocrx_word' id='word_1_210' title='bbox 819 1647 1110 1704; x_wconf 77' lang='lat' dir='ltr'>experientiam</span> <span class='ocrx_word' id='word_1_211' title='bbox 1151 1645 1387 1695; x_wconf 83' lang='lat' dir='ltr'>faciebant,</span> <span class='ocrx_word' id='word_1_212' title='bbox 1426 1646 1541 1688; x_wconf 87' lang='lat' dir='ltr'>Statii</span> <span class='ocrx_word' id='word_1_213' title='bbox 1573 1663 1669 1704; x_wconf 82' lang='lat' dir='ltr'>poe-</span> 
     </span>
     <span class='ocr_line' id='line_1_28' title="bbox 300 1703 1668 1762; baseline 0.001 -17"><span class='ocrx_word' id='word_1_214' title='bbox 300 1716 363 1746; x_wconf 74' lang='lat' dir='ltr'>tae</span> <span class='ocrx_word' id='word_1_215' title='bbox 400 1707 646 1749; x_wconf 85' lang='lat' dir='ltr'>auctoritate</span> <span class='ocrx_word' id='word_1_216' title='bbox 681 1705 810 1762; x_wconf 77' lang='lat' dir='ltr'>liquet</span> <span class='ocrx_word' id='word_1_217' title='bbox 849 1720 923 1749; x_wconf 85' lang='lat' dir='ltr'>suo</span> <span class='ocrx_word' id='word_1_218' title='bbox 961 1714 1145 1762; x_wconf 89' lang='lat' dir='ltr'>tempore</span> <span class='ocrx_word' id='word_1_219' title='bbox 1200 1703 1456 1746; x_wconf 86' lang='lat' dir='ltr'>Graecanica</span> <span class='ocrx_word' id='word_1_220' title='bbox 1489 1706 1633 1761; x_wconf 80' lang='lat' dir='ltr'>lingua</span> <span class='ocrx_word' id='word_1_221' title='bbox 1658 1738 1668 1758; x_wconf 90' lang='lat'>‚</span> 
     </span>
     <span class='ocr_line' id='line_1_29' title="bbox 297 1762 1665 1819; baseline 0.003 -17"><span class='ocrx_word' id='word_1_222' title='bbox 297 1779 472 1816; x_wconf 80' lang='lat' dir='ltr'>necnon,</span> <span class='ocrx_word' id='word_1_223' title='bbox 506 1777 544 1806; x_wconf 84' lang='lat' dir='ltr'>et</span> <span class='ocrx_word' id='word_1_224' title='bbox 579 1764 731 1816; x_wconf 74' lang='lat' dir='ltr'>Latiari</span> <span class='ocrx_word' id='word_1_225' title='bbox 763 1764 1053 1819; x_wconf 77' lang='lat' dir='ltr'>Neapolitanos</span> <span class='ocrx_word' id='word_1_226' title='bbox 1082 1762 1352 1803; x_wconf 81' lang='lat' dir='ltr'>adolescentes</span> <span class='ocrx_word' id='word_1_227' title='bbox 1386 1763 1440 1802; x_wconf 83' lang='lat' dir='ltr'>ita</span> <span class='ocrx_word' id='word_1_228' title='bbox 1489 1763 1665 1806; x_wconf 77' lang='lat' dir='ltr'>celebres</span> 
     </span>
     <span class='ocr_line' id='line_1_30' title="bbox 296 1821 1660 1876; baseline 0.001 -15"><span class='ocrx_word' id='word_1_229' title='bbox 296 1823 460 1864; x_wconf 73' lang='lat' dir='ltr'>evasisse</span> <span class='ocrx_word' id='word_1_230' title='bbox 482 1855 493 1874; x_wconf 91' lang='lat'>‚</span> <span class='ocrx_word' id='word_1_231' title='bbox 528 1836 573 1867; x_wconf 89' lang='lat' dir='ltr'>ut</span> <span class='ocrx_word' id='word_1_232' title='bbox 607 1839 701 1865; x_wconf 88' lang='lat' dir='ltr'>cum</span> <span class='ocrx_word' id='word_1_233' title='bbox 734 1822 1005 1876; x_wconf 80' lang='lat' dir='ltr'>Graecorum,</span> <span class='ocrx_word' id='word_1_234' title='bbox 1040 1832 1128 1864; x_wconf 88' lang='lat' dir='ltr'>tum</span> <span class='ocrx_word' id='word_1_235' title='bbox 1161 1821 1404 1862; x_wconf 78' lang='lat' dir='ltr'>Latinorum</span> <span class='ocrx_word' id='word_1_236' title='bbox 1428 1833 1660 1874; x_wconf 81' lang='lat' dir='ltr'>auctorum,</span> 
     </span>
     <span class='ocr_line' id='line_1_31' title="bbox 296 1881 1662 1940; baseline 0.001 -21"><span class='ocrx_word' id='word_1_237' title='bbox 296 1892 333 1920; x_wconf 78' lang='lat' dir='ltr'>ct</span> <span class='ocrx_word' id='word_1_238' title='bbox 370 1885 583 1940; x_wconf 78' lang='lat' dir='ltr'>praecipue</span> <span class='ocrx_word' id='word_1_239' title='bbox 617 1892 829 1937; x_wconf 79' lang='lat' dir='ltr'>poetarum</span> <span class='ocrx_word' id='word_1_240' title='bbox 863 1882 903 1922; x_wconf 90' lang='lat' dir='ltr'>in</span> <span class='ocrx_word' id='word_1_241' title='bbox 936 1881 1166 1939; x_wconf 82' lang='lat' dir='ltr'>Gymnasio</span> <span class='ocrx_word' id='word_1_242' title='bbox 1198 1881 1417 1920; x_wconf 76' lang='lat' dir='ltr'>certamina</span> <span class='ocrx_word' id='word_1_243' title='bbox 1464 1881 1662 1931; x_wconf 85' lang='lat' dir='ltr'>inierint,</span> 
     </span>
     <span class='ocr_line' id='line_1_32' title="bbox 296 1936 1664 1998; baseline 0 -18"><span class='ocrx_word' id='word_1_244' title='bbox 296 1941 392 1993; x_wconf 76' lang='lat' dir='ltr'>quin</span> <span class='ocrx_word' id='word_1_245' title='bbox 427 1951 466 1982; x_wconf 88' lang='lat' dir='ltr'>et</span> <span class='ocrx_word' id='word_1_246' title='bbox 496 1941 673 1998; x_wconf 81' lang='lat' dir='ltr'>praemia</span> <span class='ocrx_word' id='word_1_247' title='bbox 703 1940 980 1995; x_wconf 80' lang='lat' dir='ltr'>deposuerint.</span> <span class='ocrx_word' id='word_1_248' title='bbox 1016 1940 1131 1981; x_wconf 86' lang='lat' dir='ltr'>Vnus</span> <span class='ocrx_word' id='word_1_249' title='bbox 1164 1953 1258 1993; x_wconf 88' lang='lat' dir='ltr'>prae</span> <span class='ocrx_word' id='word_1_250' title='bbox 1290 1936 1434 1978; x_wconf 81' lang='lat' dir='ltr'>ceteris</span> <span class='ocrx_word' id='word_1_251' title='bbox 1464 1939 1664 1980; x_wconf 70' lang='lat' dir='ltr'>afferatur</span> 
     </span>
     <span class='ocr_line' id='line_1_33' title="bbox 295 1996 1664 2056; baseline -0.001 -17"><span class='ocrx_word' id='word_1_252' title='bbox 295 1999 407 2039; x_wconf 77' lang='lat' dir='ltr'>Statii</span> <span class='ocrx_word' id='word_1_253' title='bbox 441 2012 553 2055; x_wconf 79' lang='lat' dir='ltr'>pater</span> <span class='ocrx_word' id='word_1_254' title='bbox 574 2032 585 2054; x_wconf 81' lang='lat'><strong>‚</strong></span> <span class='ocrx_word' id='word_1_255' title='bbox 616 2000 686 2056; x_wconf 91' lang='lat' dir='ltr'>qui</span> <span class='ocrx_word' id='word_1_256' title='bbox 722 1999 763 2040; x_wconf 88' lang='lat' dir='ltr'>in</span> <span class='ocrx_word' id='word_1_257' title='bbox 796 1999 1070 2054; x_wconf 80' lang='lat' dir='ltr'>Neapolitano</span> <span class='ocrx_word' id='word_1_258' title='bbox 1101 1997 1199 2038; x_wconf 87' lang='lat' dir='ltr'>ludo</span> <span class='ocrx_word' id='word_1_259' title='bbox 1234 2011 1378 2051; x_wconf 87' lang='lat' dir='ltr'>pueros</span> <span class='ocrx_word' id='word_1_260' title='bbox 1423 1996 1465 2036; x_wconf 84' lang='lat' dir='ltr'>in</span> <span class='ocrx_word' id='word_1_261' title='bbox 1512 1999 1664 2037; x_wconf 86' lang='lat' dir='ltr'>Home-</span> 
     </span>
     <span class='ocr_line' id='line_1_34' title="bbox 296 2054 1664 2110; baseline 0.001 -17"><span class='ocrx_word' id='word_1_262' title='bbox 296 2057 401 2097; x_wconf 62' lang='lat' dir='ltr'>rizina</span> <span class='ocrx_word' id='word_1_263' title='bbox 436 2058 608 2100; x_wconf 81' lang='lat' dir='ltr'>lectione</span> <span class='ocrx_word' id='word_1_264' title='bbox 642 2058 851 2099; x_wconf 80' lang='lat' dir='ltr'>instituere</span> <span class='ocrx_word' id='word_1_265' title='bbox 884 2057 1018 2110; x_wconf 85' lang='lat' dir='ltr'>coepit</span> <span class='ocrx_word' id='word_1_266' title='bbox 1043 2087 1054 2105; x_wconf 85' lang='lat'><strong>,</strong></span> <span class='ocrx_word' id='word_1_267' title='bbox 1089 2066 1136 2096; x_wconf 87' lang='lat' dir='ltr'>ut</span> <span class='ocrx_word' id='word_1_268' title='bbox 1168 2055 1275 2094; x_wconf 84' lang='lat' dir='ltr'>canit</span> <span class='ocrx_word' id='word_1_269' title='bbox 1310 2055 1392 2108; x_wconf 83' lang='lat' dir='ltr'>ipse</span> <span class='ocrx_word' id='word_1_270' title='bbox 1424 2054 1530 2096; x_wconf 81' lang='lat' dir='ltr'>filius</span> <span class='ocrx_word' id='word_1_271' title='bbox 1567 2055 1664 2098; x_wconf 88' lang='lat' dir='ltr'>Silv.</span> 
     </span>
     <span class='ocr_line' id='line_1_35' title="bbox 294 2111 1665 2170; baseline 0.001 -17"><span class='ocrx_word' id='word_1_272' title='bbox 294 2114 360 2156; x_wconf 84' lang='lat' dir='ltr'>lib.</span> <span class='ocrx_word' id='word_1_273' title='bbox 398 2117 448 2157; x_wconf 84' lang='lat' dir='ltr'>V.</span> <span class='ocrx_word' id='word_1_274' title='bbox 483 2132 563 2159; x_wconf 78' lang='lat' dir='ltr'>car.</span> <span class='ocrx_word' id='word_1_275' title='bbox 596 2118 672 2158; x_wconf 83' lang='grc' dir='ltr'><strong>ΙΙΙ.</strong></span> <span class='ocrx_word' id='word_1_276' title='bbox 705 2132 742 2156; x_wconf 86' lang='lat' dir='ltr'>v.</span> <span class='ocrx_word' id='word_1_277' title='bbox 783 2118 860 2164; x_wconf 78' lang='grc'>146</span> <span class='ocrx_word' id='word_1_278' title='bbox 893 2125 931 2154; x_wconf 86' lang='lat' dir='ltr'>et</span> <span class='ocrx_word' id='word_1_279' title='bbox 970 2128 1081 2170; x_wconf 81' lang='lat' dir='ltr'>seqq.</span> <span class='ocrx_word' id='word_1_280' title='bbox 1117 2112 1228 2152; x_wconf 84' lang='lat' dir='ltr'>Hinc</span> <span class='ocrx_word' id='word_1_281' title='bbox 1257 2111 1514 2166; x_wconf 84' lang='lat' dir='ltr'>Neapolitani</span> <span class='ocrx_word' id='word_1_282' title='bbox 1564 2114 1665 2154; x_wconf 85' lang='lat' dir='ltr'>Ho-</span> 
     </span>
     <span class='ocr_line' id='line_1_36' title="bbox 294 2171 1661 2227; baseline 0 -13"><span class='ocrx_word' id='word_1_283' title='bbox 294 2179 434 2217; x_wconf 59' lang='lat' dir='ltr'>mei-ici</span> <span class='ocrx_word' id='word_1_284' title='bbox 462 2176 621 2216; x_wconf 82' lang='lat' dir='ltr'>salutati</span> <span class='ocrx_word' id='word_1_285' title='bbox 654 2191 701 2217; x_wconf 87' lang='lat' dir='ltr'>eo</span> <span class='ocrx_word' id='word_1_286' title='bbox 733 2184 914 2227; x_wconf 84' lang='lat' dir='ltr'>tempore</span> <span class='ocrx_word' id='word_1_287' title='bbox 946 2171 1072 2213; x_wconf 86' lang='lat' dir='ltr'>fuere·</span> <span class='ocrx_word' id='word_1_288' title='bbox 1121 2173 1304 2212; x_wconf 77' lang='lat' dir='ltr'>Demum</span> <span class='ocrx_word' id='word_1_289' title='bbox 1354 2181 1438 2212; x_wconf 84' lang='lat' dir='ltr'>tam</span> <span class='ocrx_word' id='word_1_290' title='bbox 1487 2171 1661 2214; x_wconf 81' lang='lat' dir='ltr'>Graium</span> 
     </span>
     <span class='ocr_line' id='line_1_37' title="bbox 291 2228 1654 2290; baseline -0.002 -17"><span class='ocrx_word' id='word_1_291' title='bbox 291 2248 522 2274; x_wconf 76' lang='lat' dir='ltr'>sermonem</span> <span class='ocrx_word' id='word_1_292' title='bbox 554 2235 710 2290; x_wconf 85' lang='lat' dir='ltr'>assequi</span> <span class='ocrx_word' id='word_1_293' title='bbox 742 2232 953 2273; x_wconf 82' lang='lat' dir='ltr'>studuerat</span> <span class='ocrx_word' id='word_1_294' title='bbox 986 2229 1103 2272; x_wconf 81' lang='lat' dir='ltr'>Statii</span> <span class='ocrx_word' id='word_1_295' title='bbox 1133 2240 1259 2286; x_wconf 80' lang='lat' dir='ltr'>pater,</span> <span class='ocrx_word' id='word_1_296' title='bbox 1295 2229 1387 2270; x_wconf 81' lang='lat' dir='ltr'>licet</span> <span class='ocrx_word' id='word_1_297' title='bbox 1402 2228 1654 2281; x_wconf 80' lang='lat' dir='ltr'>adolescens,</span> 
     </span>
     <span class='ocr_line' id='line_1_38' title="bbox 291 2287 1657 2345; baseline -0.003 -11"><span class='ocrx_word' id='word_1_298' title='bbox 291 2303 337 2334; x_wconf 85' lang='lat' dir='ltr'>ut</span> <span class='ocrx_word' id='word_1_299' title='bbox 368 2291 477 2334; x_wconf 86' lang='lat' dir='ltr'>filius</span> <span class='ocrx_word' id='word_1_300' title='bbox 496 2303 613 2334; x_wconf 84' lang='lat' dir='ltr'>canat</span> <span class='ocrx_word' id='word_1_301' title='bbox 644 2289 795 2334; x_wconf 84' lang='lat' dir='ltr'>ibidem</span> <span class='ocrx_word' id='word_1_302' title='bbox 827 2289 953 2345; x_wconf 82' lang='lat' dir='ltr'>digito</span> <span class='ocrx_word' id='word_1_303' title='bbox 984 2297 1260 2332; x_wconf 87' lang='lat' dir='ltr'>monstratum</span> <span class='ocrx_word' id='word_1_304' title='bbox 1291 2287 1413 2330; x_wconf 84' lang='lat' dir='ltr'>fuisse</span> <span class='ocrx_word' id='word_1_305' title='bbox 1447 2298 1657 2345; x_wconf 82' lang='lat' dir='ltr'>tamquam</span> 
     </span>
    </p>
   </div>
  </div>
 </body>
</html>
