1920 2579
299 111 380 153 242

292 160 493 215 inscripsit
527 160 587 200 De
619 159 816 202 Ecclesiae
845 159 1097 202 Chris-tianae
1129 160 1272 203 Politia
1307 172 1409 204 tom.
1444 158 1518 205 IV.
1573 179 1670 206 eru-⁴

292 219 530 259 ditissimam
572 219 827 260 elucubravit¹
871 220 1133 271 Diatribam,
1187 223 1227 261 in
1276 237 1354 277 qua
1404 221 1658 278 Neapolitani

291 277 529 318 Coemeterii
563 288 780 329 accurate,
815 290 854 320 et
886 279 1096 333 diligenter
1129 279 1336 321 historiam
1354 309 1373 332 ,-
1405 291 1449 321 et·
1476 291 1662 335 topogra-

290 334 427 389 phiam
461 336 682 391 descripsit.
715 341 753 377 Is
784 339 898 378 enim
923 354 967 378 ea
1016 339 1100 378 loca
1152 339 1362 394 quondam
1412 355 1431 379 a
1485 339 1664 387 Cimme—

292 393 360 433 riis
395 392 459 450 (1)
494 405 679 435 excavata
711 395 832 436 fuisse
867 397 888 452 (
920 411 1024 453 quae
1055 412 1148 452 gens
1169 397 1421 449 Cumanum,
1444 398 1673 438 Baianum-

397 621 450 667 (1)
477 619 662 655 Laudatus
698 619 865 656 Pelliccia
905 621 939 655 in
985 621 1088 656 citata
1127 619 1286 655 Diatriba
1326 621 1511 662 affirmat,
1559 618 1665 653 liosce

296 670 506 705 Cimmerios
533 669 797 716 antiquissimos
825 669 1040 714 Campaniae
1059 669 1209 718 populos
1235 668 1420 717 quondam
1448 670 1538 703 circa
1557 670 1678 703 Aret-⁷

296 733 384 755 num
416 718 603 754 incoluisse
633 719 744 751 lacum
770 745 779 761 ,
810 730 938 767 eosque
965 720 999 753 in
1029 718 1267 754 subterraneis
1296 718 1472 754 habitasse
1512 718 1620 752 antris
1651 746 1660 763 ,

298 770 437 817 sibique
465 767 646 802 cuniculos
673 779 883 812 excavasse,
912 781 984 817 quo
1016 768 1106 804 ultro
1135 769 1295 817 citroque
1323 768 1366 803 ex
1393 780 1467 803 uno
1499 767 1533 801 iu
1554 767 1675 803 aliurn-

301 819 539 864 commigrare
567 815 689 851 locum
717 824 808 852 esset
836 818 1082 853 commodum.
1110 817 1206 852 Hinc
1232 817 1364 853 mirum
1392 816 1490 852 haud
1517 824 1565 852 est
1585 843 1594 860 ,
1641 818 1670 852 si

298 869 419 916 plures
449 868 483 901 in
521 866 721 914 Campania
752 867 975 916 reperiantur·
1003 867 1179 903 cuniculi.
1209 867 1257 903 At
1284 867 1320 902 id
1350 877 1470 902 utrum
1499 879 1623 903 verum
1656 896 1666 912 ,

298 932 343 953 an
371 917 498 953 falsum
517 944 526 959 ,
555 915 655 964 quod
684 929 770 963 gens
801 917 933 952 isthaec
960 919 1194 954 vetustissima
1224 931 1266 953 ea
1309 917 1530 953 tenebricosa
1569 917 1681 952 inco-⁷

298 969 407 1004 luerit
435 967 508 1001 loca
527 993 536 1009 ,
565 965 662 1000 liaud
689 976 808 1001 nostra
838 969 1016 1011 interest,
1046 981 1129 1003 curn
1158 975 1194 1004 et
1220 977 1425 1015 temporum
1444 967 1668 1013 longaevita-

299 1029 356 1061 te,
385 1027 416 1052 ct
447 1023 767 1052 monumentorum
797 1016 1024 1060 deficientia,
1053 1030 1147 1065 qnae
1175 1016 1274 1054 nulla
1302 1022 1516 1063 supersunt,
1544 1014 1667 1050 dehac

300 1082 336 1103 re
364 1067 535 1101 disserere
561 1064 659 1100 haud
687 1066 877 1114 possimus.
907 1066 1008 1102 Nihil
1036 1079 1118 1102 vero
1147 1065 1242 1115 apud
1269 1066 1436 1113 antiquos
1473 1063 1668 1111 scriptores

298 1115 525 1160 fabulosius,
568 1128 678 1163 quam
705 1127 743 1150 ea
777 1130 876 1164 gens.
917 1116 1023 1151 Plura
1055 1116 1098 1151 de
1128 1116 1198 1154 illis
1242 1128 1311 1149 non
1342 1114 1458 1148 solum
1499 1119 1627 1161 poetae
1657 1140 1668 1157 ,

299 1179 427 1203 &crum
455 1166 561 1201 etiam
592 1165 650 1199 alii
681 1166 864 1214 scriptores
891 1173 973 1201 sunt
1000 1166 1164 1201 fabulati.
1195 1165 1240 1199 At
1267 1176 1393 1199 eorum
1421 1170 1507 1198 Vera
1555 1161 1667 1198 histo-

296 1220 348 1254 ria
379 1228 524 1265 prorsus
551 1215 720 1263 ambigua
749 1225 812 1250 cst.
844 1216 937 1251 Sunt
965 1217 1027 1263 qui
1057 1223 1217 1264 putant,
1242 1213 1346 1248 hasce
1374 1219 1497 1263 gentes
1525 1225 1567 1247 ex
1596 1213 1670 1261 pri-

298 1280 420 1302 maeva
450 1266 586 1313 origine
615 1265 650 1299 in
680 1264 760 1300 Asia
789 1272 908 1300 ortum
936 1264 1102 1300 habuisse
1130 1263 1227 1313 apud
1254 1262 1486 1311 Bosphorum
1507 1262 1666 1297 Cimme-

298 1318 422 1353 rium:
454 1316 585 1350 borum
614 1314 760 1349 sortasse
786 1315 900 1362 prima
929 1315 1038 1362 origo.
1069 1313 1288 1350 Crediderim
1316 1314 1476 1362 ipsorum
1505 1311 1667 1360 aliquam

299 1367 477 1402 coloniam
506 1366 541 1400 in
571 1365 707 1400 Italiam
734 1366 1085 1414 praeternavigasse,
1103 1364 1296 1413 sedemque
1318 1362 1540 1399 tixisseinter
1556 1364 1687 1397 Avei·-'

298 1431 385 1452 nuni
432 1417 572 1459 lacum,
616 1422 651 1449 et
695 1428 765 1449 non
794 1416 920 1464 procul
948 1415 1153 1464 a‘Sibyllae
1193 1427 1300 1463 specu
1341 1413 1593 1461 antiquissimo
1621 1424 1666 1447 ex

298 1478 469 1515 tempore.
499 1467 552 1499 120
580 1477 662 1500 vero
691 1465 760 1500 loci
787 1472 981 1514 antequam
1009 1464 1110 1501 mons
1137 1464 1263 1502 Novus
1290 1462 1387 1512 apud
1414 1462 1587 1498 Puteolos
1605 1461 1668 1497 ad-

298 1526 458 1564 surgeret
483 1542 491 1557 ,
530 1515 673 1563 locique
714 1516 817 1550 facies
861 1526 1083 1559 verteretur,
1112 1515 1218 1551 vallis
1246 1521 1321 1550 erat
1348 1512 1524 1548 horrenda
1572 1511 1666 1547 inter

298 1578 448 1608 montes·‚
478 1564 579 1600 cuius
607 1578 684 1612 pars
711 1575 817 1600 restat
839 1568 874 1602 in
904 1566 1199 1614 praesentiarum.
1225 1564 1280 1599 Ab
1309 1564 1393 1611 ipsis
1420 1563 1518 1596 locus
1546 1560 1602 1596 hic
1620 1560 1667 1594 ad

301 1615 535 1650 incolendum
563 1615 726 1649 selectus.
767 1615 861 1652 Sunt
888 1615 952 1664 qui
979 1624 1196 1656 autumant,
1237 1622 1278 1647 ut
1303 1611 1552 1652 Grimaldius,
1591 1612 1670 1645 An*-

298 1665 371 1700 nali
400 1665 455 1700 del
483 1664 610 1712 Regno
639 1663 674 1698 di
705 1664 830 1711 Napoli
849 1692 858 1708 ,
908 1675 995 1699 toni.
1027 1665 1055 1698 1.
1087 1663 1149 1697 lias
1179 1668 1302 1710 gentes
1330 1674 1375 1695 ne
1415 1673 1501 1696 cum
1538 1660 1666 1694 vicinis

300 1716 422 1757 Oscis,
450 1714 602 1762 aliisque
631 1713 764 1748 bellum
793 1724 957 1761 gererent
983 1712 1239 1761 quotidianum
1263 1738 1272 1754 ,
1301 1711 1433 1760 patrias
1471 1709 1670 1745 deseruisse

299 1767 464 1815 regiones
488 1791 498 1807 ,
527 1773 562 1798 et
589 1763 669 1798 heic
696 1762 820 1798 sedern
847 1765 978 1799 fixisse.
1008 1763 1101 1797 Hinc
1126 1763 1263 1797 factum
1309 1769 1351 1795 ut
1378 1760 1485 1796 hasce
1529 1760 1671 1794 subter-

300 1827 423 1850 raneas
450 1813 646 1849 incolerent
673 1825 797 1861 specus
814 1842 824 1857 ,
853 1826 942 1864 quae
970 1825 1030 1862 per
1056 1825 1130 1848 eam
1160 1818 1312 1847 aetatem
1329 1809 1475 1845 fortasse
1504 1808 1671 1844 nondum

300 1866 334 1900 in
381 1865 492 1900 [osum
531 1871 631 1898 erant
669 1870 837 1900 mutatae.
880 1864 987 1898 Tunc
1017 1862 1183 1910 temporis
1211 1859 1320 1896 vicini
1363 1869 1502 1895 montes
1544 1859 1668 1906 ignem

301 1915 419 1950 adbuc
446 1914 679 1955 emittebant,
710 1921 744 1948 et
770 1914 914 1950 fortasse
940 1912 1045 1947 etiam
1073 1912 1161 1947 haee
1188 1911 1254 1946 alia
1285 1909 1413 1945 iisdem
1437 1910 1508 1945 fuit
1535 1920 1636 1944 causa
1655 1933 1665 1949 ,

301 1965 346 2000 ob
373 1976 482 2012 quam
512 1964 546 1997 in
574 1964 748 2010 specubus
775 1963 1004 2006 habitarent,
1036 1976 1081 1997 ne
1109 1961 1230 2011 ignis,
1258 1960 1423 1996 cinerum
1441 1985 1451 2002 ,
1490 1957 1671 2007 lapidum*

302 2027 372 2063 q-ue
400 2014 587 2061 eruptione
614 2013 729 2048 forent
755 2013 928 2048 deterriti.
1535 2011 1537 2013 ’

400 2067 430 2099 Α
459 2063 572 2110 poetis
618 2072 738 2110 postea
765 2063 967 2097 fabularum
995 2062 1090 2109 ipsas
1126 2067 1251 2107 gentes
1276 2060 1526 2095 subterraneas
1571 2057 1672 2091 inco-

301 2113 408 2152 luisse
435 2125 559 2161 specus
576 2140 586 2156 ,
616 2113 681 2147 ubi
700 2111 929 2146 ¹metallorum
957 2110 1111 2145 maxime
1138 2109 1327 2144 effossione
1356 2108 1494 2143 victum
1530 2107 1670 2155 quaeri—

302 2171 443 2204 tantes,
474 2161 531 2196 die
561 2161 731 2205 latentes,
761 2169 866 2195 noctu
898 2173 982 2196 vero
1009 2159 1051 2195 ad
1081 2157 1265 2194 latrocinia
1292 2157 1588 2207 egrediebantur,
1629 2165 1672 2192 ut

302 2212 410 2252 tradit
436 2211 564 2247 Strabo
593 2224 634 2247 ex
665 2211 809 2258 Ephoro
848 2210 1025 2245 Cumano.
1067 2210 1245 2245 Homerus
1271 2208 1417 2244 Ο’ὃυσσ.
1456 2208 1502 2242 Λ.
1529 2219 1561 2242 v,
1595 2205 1681 2251 14⁷,

302 2262 519 2312 Lycoprhron
559 2262 599 2296 in
635 2259 829 2297 Cassandra
859 2261 999 2308 5374ss
1022 2287 1032 2307 ‚
1061 2256 1474 2308 OvidiusMetamorpjh.
1509 2257 1577 2295 lib.
1603 2255 1674 2297 XL.
