1920 2579
173 1629 311 1657 Mammiae

150 1668 329 1695 sepulchrum-

353 101 435 142 128

341 158 493 204 ‚accidit
525 168 632 202 anuo
664 160 719 201 V.
754 159 802 203 C.
821 157 1028 201 DCLXV.
1060 156 1100 201 Et
1118 156 1438 201 antechristum
1460 159 1707 207 LXXXIX.

342 231 432 259 eam
465 217 610 265 urbem
631 250 643 269 ,
676 234 805 275 aeque
834 227 958 274 atque
986 218 1293 260 Herculaneum
1323 233 1419 261 cum
1452 221 1550 261 Tito
1582 220 1707 262 Didio

343 291 562 333 occupasse
593 288 853 334 compertum
885 277 1094 320 habemus.
1128 277 1342 333 Temporis
1374 293 1584 334 progressu
1618 281 1711 320 Mu-

341 335 540 391 nicipium
585 336 780 378 effectum
815 351 899 378 esse
932 351 978 378 ex
1006 337 1199 378 Vitruvio
1229 335 1300 378 lib.
1330 339 1384 378 ΙΙ.
1429 352 1465 378 (τ.
1510 341 1561 379 16
1594 347 1633 377 et
1663 352 1711 383 ex.

342 393 474 436 Plinio
506 394 610 436 Hist⁰
642 395 790 438 Natur.
823 395 893 436 lib.
926 396 979 436 Π.
1015 411 1048 437 ο.
1086 397 1142 438 52
1171 394 1402 436 ediscimus.
1423 396 1531 436 Hinc
1548 396 1713 436 Trium-

341 452 418 492 viri
441 483 451 503 ,
484 453 683 495 Censores
705 487 718 504 ,
748 453 900 496 AEdiles
919 486 930 504 ‚
961 455 1226 508 Quaestores‚
1258 453 1681 495 Senatus-consultum
1701 484 1713 505 2

341 511 568 566 populique
599 513 654 552 ibi
689 512 851 568 collegia
903 513 1027 555 fuere.
1059 512 1129 555 Ad
1179 514 1288 554 hunc
1320 527 1449 568 usque
1489 523 1639 553 statum
1672 527 1716 553 ea

341 568 441 609 urbs
487 570 775 613 florentissime
806 571 932 614 stetit.
964 571 1134 614 Colonia
1179 572 1288 614 enim
1319 571 1534 614 CLXVII.
1581 585 1711 612 annos·

340 628 454 681 [εἰη
486 639 591 685 post·
611 629 725 685 quod
757 641 918 688 tempus
949 630 1030 672 fuit
1059 646 1206 674 eversa.
1238 629 1410 671 Decimo
1442 645 1536 671 vero
1580 629 1715 671 Nero-

342 688 408 728 nis
438 702 546 728 anno
581 688 737 730 desedit
769 705 817 730 ex
849 699 967 730 motu
1000 699 1161 740 terrae,
1190 699 1231 730 et
1258 688 1400 729 decem
1435 702 1580 728 novem
1623 697 1715 743 post

347 761 475 789 annos
507 746 612 787 dum
646 748 748 787 haec
780 747 1115 798 raedificaretur,
1155 747 1318 802 penitus
1347 746 1425 788 fuit
1456 746 1666 787 submersa
1699 760 1722 789 a

348 805 584 850 Vesuviana
618 806 748 859 prima
781 805 1099 860 conflagratione
1118 837 1130 857 ,
1160 807 1389 862 imperante
1420 806 1532 846 Tito.

460 865 548 904 Hac
582 873 719 904 nostra
749 875 988 920 tempestate
1017 864 1120 906 nihil
1150 878 1318 920 prorsus
1369 862 1594 904 mirabilius
1642 878 1725 905 esse

343 931 478 979 potest
513 922 527 977 (
562 921 662 962 dum
694 921 829 963 adhuc
861 923 989 963 oculis
1034 923 1101 964 illa
1148 922 1456 977 conspiciuntur
1503 920 1723 971 aedificia,

344 995 450 1037 quae
481 980 630 1020 abhinc
661 981 836 1036 amplius
867 989 1020 1036 septem
1054 991 1094 1022 et
1124 980 1264 1021 decem
1296 980 1463 1021 saeculis
1495 990 1622 1020 erecta
1639 980 1727 1021 fue÷

343 1055 388 1081 re
419 1039 440 1094 )
475 1055 599 1095 quam
631 1038 717 1079 illas
749 1038 963 1080 ambulare
990 1039 1110 1090 vias,
1146 1055 1210 1080 eas
1243 1038 1406 1095 ingredi
1440 1038 1589 1078 domos
1611 1067 1622 1089 ,
1662 1048 1725 1077 at·

346 1113 425 1155 que
457 1099 642 1154 templa,
678 1112 785 1154 quae
817 1098 913 1139 alias
939 1112 962 1137 a
994 1097 1089 1137 viris
1120 1098 1246 1138 totius
1278 1095 1389 1137 orbis
1421 1096 1600 1136 dominis
1647 1111 1732 1137 sae·

344 1157 509 1212 pissime
542 1157 905 1212 perspiciebantur.
938 1158 1058 1198 Mens
1090 1157 1267 1196 humana
1302 1154 1486 1211 profecto
1508 1155 1586 1196 hoc
1603 1155 1728 1195 maxi·

346 1230 464 1256 mum
498 1214 607 1256 orbis
638 1215 916 1270 spectaculum
949 1213 1315 1256 animadvertendo
1346 1212 1571 1259 extollitur.
1602 1213 1649 1254 In
1672 1215 1729 1269 ἦρ,

348 1289 390 1316 sa
421 1284 517 1313 vero
551 1272 652 1313 urbe
684 1275 822 1315 omnia
846 1305 863 1324 ,
899 1290 1003 1331 quae
1034 1274 1238 1315 humanae
1270 1273 1376 1314 vitae
1419 1282 1516 1314 sunt
1561 1285 1739 1312 necessa-

349 1333 407 1374 ria
437 1363 449 1382 ‚
481 1330 630 1373 effossa
661 1342 701 1373 et
733 1343 892 1388 reperta
927 1343 1038 1375 sunt.
1071 1332 1299 1373 Vesuviana
1329 1330 1441 1372 enim
1470 1328 1735 1386 conflagratio

353 1391 582 1447 superiores
609 1390 896 1434 aedificiorum
926 1402 1061 1448 partes
1093 1393 1206 1444 ruit3
1233 1389 1447 1433 inferiores
1475 1402 1573 1430 vero
1602 1387 1739 1430 adhuc

352 1460 482 1490 sartae
522 1459 733 1507 tectaeque
764 1461 1095 1507 conspectantur.
1126 1448 1233 1491 Cum
1254 1458 1390 1490 autem
1407 1448 1513 1489 illius
1531 1461 1740 1504 quamque

350 1519 510 1564 partem
543 1508 790 1566 descriptam
820 1502 1012 1552 audiffius
1033 1540 1048 1560 ,
1084 1506 1365 1550 hano.urbem
1397 1506 1568 1549 fortasse
1599 1506 1740 1547 adhuc-2

358 1566 531 1609 existere
564 1582 659 1609 cum
691 1569 786 1623 ipsis
812 1568 972 1611 >civibus
1003 1567 1264 1611 arbitramur.

478 1625 602 1665 Anno
634 1625 845 1668 MDCCL.
876 1626 1075 1683 patefacta
1109 1636 1166 1665 est
1197 1625 1256 1663 via
1278 1653 1293 1672 ‚
1329 1637 1434 1678 quae
1477 1620 1528 1663 ad
1578 1631 1742 1677 portam

365 1680 538 1730 ducebat
571 1683 715 1733 urbi53
747 1685 863 1730 cuius
894 1686 981 1725 viae
1012 1696 1060 1728 ex
1101 1684 1197 1738 ipsis
1228 1681 1399 1724 Vesuvii
1430 1679 1607 1722 silicibus
1649 1690 1745 1720 sunt

364 1751 544 1790 stratae,
574 1758 678 1798 quae
706 1742 756 1784 ab
805 1743 1003 1796 indigenis
1041 1742 1144 1786 lave
1191 1739 1492 1796 appellitantur.
1537 1736 1748 1779 AEdificioz

367 1815 461 1842 rum
494 1800 664 1856 parietes
696 1810 792 1842 sunl.
824 1802 1015 1842 materiae
1041 1800 1277 1843 minutatim
1307 1813 1404 1838 eum
1438 1798 1574 1848 calce,
1608 1806 1647 1836 et
1667 1811 1751 1836 arere⁴

367 1874 422 1900 na
454 1873 576 1914 opere
607 1860 776 1902 latex-ico
807 1859 1013 1902 conditae.
1047 1861 1284 1914 Antequam
1317 1856 1463 1898 urbem
1497 1854 1738 1910 ingrederis,

369 1918 421 1965 ad
453 1917 660 1960 dexteram
693 1919 800 1960 illius
837 1929 1000 1976 portam
1038 1916 1105 1975 (ι)
1131 1915 1394 1973 sepulchrum
1421 1913 1645 1956 Mammiae
1681 1913 1749 1952 Sa·

472 2126 530 2173 (1)
555 2125 665 2161 Vrbis
693 2132 794 2174 porta
822 2134 867 2158 ex
895 2134 965 2166 eo,
993 2120 1093 2170 quod
1120 2129 1290 2170 apparet,
1318 2118 1418 2163 haud
1444 2118 1746 2167 magnificentiam

373 2176 532 2215 ostendit
551 2203 561 2219 ,
591 2182 624 2211 et
652 2174 776 2224 potius
802 2172 930 2208 urbem
959 2175 1108 2220 parvam
1138 2184 1212 2207 esse
1238 2170 1394 2206 videtur.
1423 2169 1518 2205 [ntra
1547 2169 1646 2212 illam
1671 2168 1732 2205 ad-

372 2235 457 2267 sunt
484 2225 614 2262 domus
641 2225 727 2261 hinc
751 2222 837 2259 'mde
864 2228 959 2258 recte
988 2221 1194 2271 dispositam
1221 2221 1316 2257 cirea
1342 2232 1435 2270 qnas
1460 2218 1592 2268 gradus
1618 2229 1702 2255 sunt
1724 2246 1735 2262 ‚

374 2290 483 2330 supra
508 2289 600 2327 quos
626 2275 652 2311 ii
680 2272 905 2318 incedebant,
932 2272 1067 2322 quibua
1095 2270 1342 2313 commodum
1368 2268 1470 2306 haud
1495 2279 1586 2307 esset
1612 2269 1693 2306 vehi
1714 2283 1750 2306 e-
