1920 2579
346 126 430 154 210

339 186 467 227 usque
499 169 619 211 fuisse
652 179 914 224 porrectam3
949 178 990 209 at
1019 167 1098 209 hoc
1131 165 1299 217 falsum,
1335 181 1428 208 cum
1467 167 1528 208 via
1551 166 1716 223 isthaec,

340 228 392 270 de
424 242 502 284 qua
554 227 763 285 loquimur
785 259 800 280 ,
835 242 857 268 a
888 223 992 268 Baiis
1025 224 1072 267 ad
1099 226 1304 269 Misenum
1324 225 1594 282 perveniebat.
1626 227 1716 269 Alia

339 287 488 329 exstitit
518 285 771 328 Herculanea
802 286 863 327 via
890 316 903 336 ,
930 300 1032 342 quae
1065 300 1086 325 a
1124 283 1295 341 Neapoli
1329 281 1380 325 ad
1413 285 1715 326 Herculaneum

338 345 535 386 viatorem
568 344 772 395 ducebat,
806 359 909 400 quae
959 358 981 384 a
1029 343 1188 385 Nolana
1241 341 1407 384 fortasse
1457 352 1574 398 porta
1621 343 1716 384 inci-

335 401 503 460 piebat3
539 401 589 443 de
626 402 702 445 hac
732 402 903 445 inferius
934 401 1131 444 dicemus.

454 459 579 502 Fama
613 475 707 504 vero
740 471 814 512 est,
846 462 1067 504 Herculem
1099 459 1205 501 hanc
1236 458 1345 501 viam
1363 457 1565 514 apernisse
1598 458 1711 501 VIII·

336 518 565 561 stadiorum
600 519 853 575 longitudine
874 551 889 572 ,
926 530 974 570 ut
1005 517 1143 560 scribit
1174 517 1322 558 Strabo
1354 515 1424 558 lib.
1460 517 1510 558 V.
1560 519 1714 573 Geogr.

336 588 375 618 et
411 587 523 618 tanta
552 576 780 630 latitudine,
813 588 1014 634 quantum
1037 590 1181 617 currus
1212 575 1343 616 orbita
1374 589 1572 631 occupare
1621 593 1714 630 pos-

340 646 412 677 set.
446 637 538 678 Hoc
572 651 676 693 opus
708 636 887 678 Hercule
918 636 1091 693 dignum
1125 632 1312 675 laudibus
1329 634 1591 676 commendat
1611 636 1712 678 Pro-

334 694 489 748 pertius
522 694 590 736 lib.
624 694 694 737 III.
729 695 847 752 Eleg.
886 708 948 748 17.
981 692 1127 734 Strabo
1176 692 1265 733 loco
1311 692 1437 732 citato
1473 692 1642 735 eandem
1686 711 1707 735 a

331 751 393 794 M.
442 752 621 810 Agrippa
667 754 842 808 Augusti
893 767 1041 809 genero
1088 748 1292 807 lapidibus
1341 749 1541 792 munitam
1591 751 1710 806 fuisse

344 810 520 862 scribit,
574 826 669 854 cum
714 823 885 870 portum
915 811 1067 853 Iulium
1100 807 1337 857 construxit.

452 868 698 912 Gesualdius
720 902 732 921 ,
765 870 927 911 Osserv.
959 869 1061 911 sulla
1095 869 1176 911 Via
1210 868 1375 924 Appia,
1408 881 1493 924 pag.
1526 867 1640 923 45J,
1672 880 1710 910 et

335 942 446 984 seqq.
479 938 636 983 praeter
684 929 928 985 descriptam
968 927 1266 969 Herculaneam
1301 940 1429 983 prope
1460 927 1572 967 Baias
1593 957 1607 977 ,
1645 928 1713 968 ali-

335 1001 401 1027 am
434 987 578 1028 eodem
611 988 778 1029 nomine
811 987 987 1029 extitisse
1021 999 1148 1041 prope
1179 984 1362 1026 Caietam
1411 984 1558 1038 prodit.
1599 987 1707 1027 Hinc

333 1043 484 1098 probat
516 1044 684 1085 citatum
716 1057 810 1087 ante
855 1044 978 1087 Tullii
1013 1054 1168 1086 textum
1204 1043 1253 1083 de
1285 1041 1544 1083 Herculanea
1577 1043 1635 1084 via
1666 1060 1707 1084 a-

332 1102 424 1142 liter
458 1102 798 1158 intelligendum3
834 1119 928 1145 cum
961 1103 1045 1159 ipse
1097 1102 1414 1143 Minturnarum
1459 1103 1708 1143 mentionem

333 1159 430 1201 facit
450 1192 463 1211 ,
501 1161 678 1202 ostendit
711 1161 879 1202 eandem
915 1161 1212 1201 Herculaneam
1245 1174 1327 1199 esse
1359 1157 1507 1200 debere
1538 1161 1708 1202 omnino

335 1219 387 1259 ab
419 1218 485 1259 illa
515 1218 788 1261 differentem.
839 1219 951 1260 Haec
984 1219 1104 1273 igitur
1137 1217 1247 1257 iuxta
1280 1215 1580 1268 Gesualdium‚
1635 1220 1710 1260 eti-

331 1292 397 1318 am
429 1278 684 1319 Herculanea
731 1277 838 1319 dicta
868 1276 1085 1332 incipiebat
1128 1290 1150 1317 a
1196 1275 1309 1318 laeva
1357 1275 1513 1330 Appiae
1559 1286 1709 1330 -parte,

334 1350 416 1376 non
448 1336 568 1390 longe
602 1352 622 1376 a
653 1334 744 1378 loeo
763 1335 834 1391 qui
853 1333 1004 1376 dicitur
1035 1338 1167 1376 Ponte
1183 1332 1287 1375 diS.
1327 1334 1487 1384 Croce,
1512 1334 1708 1377 viatorem

334 1393 386 1434 ad
421 1393 564 1434 urbem
596 1394 820 1435 Ausoniam
850 1392 1026 1433 ducebat
1058 1423 1070 1442 ‚
1141 1401 1181 1432 et
1212 1405 1323 1432 nunc
1354 1390 1395 1429 in
1433 1405 1527 1432 eum
1555 1391 1707 1445 locum,

332 1453 407 1507 qui
439 1451 666 1508 adpellatur
702 1457 835 1494 Terra
870 1451 985 1492 delle
1025 1449 1174 1492 Fratre
1197 1480 1213 1501 ,
1251 1459 1290 1489 et
1322 1449 1420 1488 hinc
1449 1449 1499 1489 ad
1532 1451 1569 1491 S.
1605 1451 1706 1492 Ger-

334 1525 504 1551 manum
523 1541 537 1560 ,
575 1509 758 1552 ubicum
797 1509 943 1550 Latina
973 1508 1294 1564 coniungebatur
1323 1508 1400 1550 via·
1435 1507 1546 1548 quta
1572 1510 1706 1564 ipsum

334 1568 607 1610 Gesualdium
640 1568 746 1609 dicta
779 1568 857 1609 fuit
888 1569 1139 1608 Herculanea
1173 1565 1224 1607 ab
1280 1565 1467 1606 Herculis
1518 1566 1703 1622 templo,

330 1627 446 1682 quod
479 1626 628 1668 scilicet
659 1626 894 1682 exsurgebat
924 1626 965 1666 in
1000 1626 1099 1666 urbe
1129 1623 1341 1666 Ausonia:
1392 1623 1558 1664 huiusce
1609 1634 1704 1666 tem·

329 1686 385 1740 pli
418 1695 553 1726 extant
585 1683 689 1726 duae
722 1700 768 1726 ex
801 1698 1007 1726 marmore
1038 1683 1149 1724 bases
1173 1714 1185 1733 ,
1222 1697 1326 1737 quae
1373 1697 1484 1723 nunc
1517 1683 1706 1724 videntur

332 1744 372 1783 in
405 1741 584 1784 Ecclesia
611 1742 836 1799 Capitulari
869 1744 1018 1782 Terrae
1051 1741 1166 1782 delle
1219 1741 1398 1791 Fratte,
1454 1741 1493 1780 in
1530 1756 1708 1797 quarum

332 1817 414 1842 una
445 1802 530 1843 basi
561 1801 706 1856 legitur
740 1800 874 1843 adhuc
896 1800 1109 1856 inscriptio
1156 1799 1206 1840 ab
1239 1799 1380 1840 eodem
1415 1810 1581 1840 auctore
1612 1799 1707 1839 cita-

333 1870 383 1900 ta.
417 1859 538 1901 Extat
555 1870 734 1901 vetustus
764 1859 864 1916 lapis
894 1858 1006 1914 apud
1026 1858 1088 1900 Cl.
1113 1859 1339 1909 Venutum,
1364 1857 1557 1911 Scoperta
1575 1857 1616 1898 d’
1634 1857 1709 1898 Er-

334 1919 493 1968 colano,
516 1919 646 1961 Roma
673 1920 777 1971 1748
801 1932 889 1975 pag.
918 1921 965 1960 16
986 1918 1025 1957 in
1059 1932 1142 1973 quo
1192 1916 1372 1957 eiusdem
1424 1914 1539 1955 Fabii
1575 1915 1706 1958 Maxi-

335 1977 391 2016 mi
424 1979 602 2020 occurrit
633 1978 806 2028 mentio,
843 1977 914 2033 qui
944 1975 1241 2016 Herculaneam
1289 1973 1395 2014 viam
1429 1972 1609 2015 motibus
1626 1985 1705 2015 ter-

335 2049 399 2075 rae
432 2034 661 2092 conlapsam
695 2035 883 2078 restituit.
918 2035 1015 2089 Quo
1049 2044 1235 2090 ternpore
1269 2031 1309 2072 id
1341 2031 1559 2082 acciderit,
1596 2031 1706 2073 nulla

335 2102 442 2134 extat
476 2095 699 2137 memorIa:
741 2104 782 2134 at
817 2104 954 2135 utrum
996 2093 1091 2133 haec
1113 2124 1124 2144 ,
1157 2107 1205 2133 an
1239 2090 1316 2132 alia
1360 2091 1482 2132 fuerit
1513 2088 1707 2131 Hercula-

337 2166 410 2191 nea
442 2153 503 2192 via
534 2152 585 2193 ab
618 2152 762 2194 eodem
795 2151 922 2195 Fabio
965 2153 1145 2194 Maximo
1201 2159 1417 2192 restaurata
1441 2181 1454 2200 ‚
1501 2148 1704 2190 incertum

339 2211 484 2267 procul
519 2210 647 2254 dubio
678 2220 750 2254 est.
