1920 2579
1430 186 1510 225 219

146 233 254 277 nihil
286 229 396 275 alind
428 240 641 289 superest,
677 245 800 288 quam
830 230 897 273 vix
927 228 1098 287 vestigia
1119 261 1132 280 ‚
1170 239 1210 271 et
1242 232 1513 286 praegrandes

148 293 286 334 silices
327 290 404 335 hac
439 290 535 332 illac
575 289 731 330 disiecti
773 304 844 341 per
895 304 1039 346 agros.r
1073 287 1201 331 Iidem
1251 287 1418 331 fortasse
1475 290 1524 331 ad

150 349 259 391 hanc
291 346 550 391 sternendam
584 363 630 389 ex
668 346 912 389 Vesuvianis
960 347 1028 403 (t)
1081 346 1371 402 eruptionibus
1416 350 1521 390 eruti

149 408 262 449 fuere
285 438 297 458 ‚
326 405 472 462 quibus
507 405 681 447 Romani
715 403 949 461 saepissime
986 404 1238 455 utebantur,
1299 413 1345 445 ut
1395 405 1523 448 videri

150 473 287 521 potest
319 480 370 506 ex
400 471 654 507 vetustarum
686 463 847 507 viarum
878 463 1090 519 vestigiis,
1125 478 1229 521 quae
1261 461 1397 504 adhuc
1452 480 1524 509 ex-

153 532 241 564 tant
275 523 316 564 in
348 521 586 578 Campania.
619 524 678 562 Eo
706 523 801 563 loco
821 552 833 571 ‚
864 520 913 561 de
947 535 1028 578 quo
1060 521 1153 562 heic
1204 521 1410 578 quaestio,
1461 524 1524 566 via

151 588 314 624 vetusta
354 580 422 637 (t)
458 581 619 637 integra
653 588 818 631 manet,
850 590 894 621 ut
925 589 1022 621 ante
1064 579 1256 621 diximus.

253 767 311 815 (ι)
337 766 509 812 Quaestio
537 778 666 815 magna
695 768 787 802 inter
813 764 970 801 eruditos
997 766 1092 803 viros
1118 776 1167 803 est
1189 795 1199 812 ‚
1238 773 1278 803 ut
1315 766 1525 807 decernatur

151 829 314 866 quonam
341 828 382 852 ex
408 817 485 852 loco
511 816 663 853 Romani
692 815 866 851 eiusmodi
895 815 1028 864 lapides
1057 818 1214 853 eruerint
1256 816 1303 853 ad
1343 819 1415 854 vias
1454 834 1521 869 pu-

153 867 263 902 blicas
289 865 515 903 muniendas.
543 865 735 914 Procopius
763 866 826 901 lib.
854 865 886 902 I.
914 879 943 900 c.
978 865 1023 912 ll}
1048 866 1091 901 de
1117 867 1210 902 bello
1236 866 1345 903 Goth.
1375 868 1420 903 dc
1447 872 1522 919 Ap-

152 916 211 965 pia
239 928 437 951 sermonem
465 918 652 953 instituens
671 943 681 960 ,
710 915 841 965 quibus
868 917 967 951 terris
994 915 1134 952 eosdem
1161 923 1320 967 repertos
1347 916 1445 954 haud
1474 921 1526 956 di-

153 967 216 1010 cit,
245 978 327 1002 cum
346 966 453 1001 vicini
481 967 556 1016 agri
586 965 702 1002 nullos
729 964 938 1001 huiusmodi
965 965 1080 1009 silices
1107 966 1234 1002 ferant.
1267 967 1368 1002 Idem
1391 976 1521 1006 auctor

151 1015 313 1064 Appium
341 1015 450 1052 credit
475 1029 515 1052 eo
545 1023 729 1065 tempore,
758 1027 831 1064 quo
857 1015 1009 1065 Appiam
1038 1015 1152 1065 lapide
1191 1017 1335 1060 stravit,
1382 1018 1521 1055 eosdem

152 1065 360 1113 longinquis
385 1078 404 1101 e
429 1066 530 1103 terris
555 1074 792 1101 convectasse.
822 1065 1022 1100 Panvinius
1046 1078 1132 1102 vero
1171 1066 1214 1101 de
1255 1067 1414 1114 Republ.
1454 1069 1528 1104 Ro-

151 1126 247 1150 man.
277 1114 340 1150 lib.
369 1114 399 1151 I.
428 1116 509 1152 illos
533 1116 675 1152 duobus
702 1115 881 1150 montibus
907 1114 1114 1163 desumptos
1155 1128 1228 1152 esse
1268 1116 1346 1161 ait:
1395 1115 1528 1154 horum

152 1165 311 1205 alterum?
333 1165 488 1202 extitisse
517 1165 693 1201 existimat
718 1177 830 1213 prope
856 1164 1062 1200 Sinuessam
1080 1191 1091 1209 ‚
1128 1166 1188 1215 qui
1219 1165 1394 1201 Massicus
1439 1177 1490 1203 est
1514 1197 1524 1214 ‚

153 1213 305 1248 alterum
332 1214 521 1263 Neapolim
548 1215 666 1259 inter,
694 1222 728 1249 et
754 1213 937 1250 Puteolos,
964 1214 1016 1249 At
1042 1228 1145 1251 mous
1172 1216 1343 1251 Massicus
1370 1214 1435 1251 fert
1462 1230 1525 1266 po-

151 1263 226 1298 tius
251 1263 386 1312 lapides
411 1266 450 1299 in
477 1263 610 1301 calcem
639 1264 797 1300 redactos
820 1291 830 1308 ‚
858 1265 921 1312 qui
947 1263 1047 1300 haud
1074 1272 1143 1301 tam
1176 1265 1261 1300 duri
1301 1271 1385 1299 sunt
1411 1266 1526 1304 instar

150 1313 299 1361 Appiae.
328 1313 459 1359 Quoad
485 1327 565 1350 vero
597 1314 749 1351 Vulcani
776 1314 909 1349 Forum
951 1314 1046 1363 apud
1089 1315 1260 1351 Puteolos
1304 1313 1524 1363 dicendum,

150 1361 248 1398 idem
274 1374 397 1399 verum
425 1363 632 1400 Vulcanum
661 1377 735 1400 esse
750 1364 894 1400 Vesuvii
921 1364 1041 1399 instar.
1070 1364 1173 1401 Hanc
1197 1364 1311 1412 igitur
1336 1365 1382 1400 ob
1414 1368 1524 1405 ratio-

151 1423 237 1447 nem
263 1412 566 1458 existimandum,
595 1416 758 1463 antiquos
785 1413 878 1449 hisce
905 1413 1062 1449 silicibus
1101 1426 1183 1450 usos
1223 1414 1331 1449 fuisse
1368 1414 1412 1450 ad
1453 1418 1525 1453 vias

153 1461 379 1497 sternendas.
404 1462 590 1499 Pratillius
615 1470 718 1512 putat
743 1463 808 1499 hos
834 1462 1038 1512 desumptos
1064 1475 1083 1500 a
1122 1464 1279 1500 Vesuvio
1303 1490 1313 1507 ‚
1360 1472 1395 1500 et
1430 1466 1525 1502 Latii

151 1511 347 1546 montibus.
377 1511 606 1548 Breisilakius
634 1526 742 1556 vero,
772 1513 945 1561 Topogr‚
973 1525 1056 1563 pag.
1088 1513 1137 1562 74
1166 1512 1309 1549 eosdem
1350 1527 1393 1551 ex
1411 1515 1528 1552 ‘Sues-

150 1560 244 1596 sanis
271 1562 456 1597 montibus
484 1562 650 1598 collectos
678 1564 877 1606 arbitratur,
909 1563 1018 1611 idque
1044 1565 1169 1612 probat
1197 1562 1396 1610 evidenter,
1419 1575 1527 1615 atque

151 1609 310 1658 physicis
347 1613 604 1660 experimentis.
644 1613 739 1648 Hinc
768 1611 1059 1649 concludendum
1086 1613 1203 1663 potius
1244 1625 1327 1648 cum
1372 1615 1522 1661 eodem,

150 1659 305 1709 Appium
334 1661 527 1705 Claudium
545 1689 555 1707 ,
584 1675 665 1698 cum
694 1664 785 1697 viam
813 1664 904 1699 hanc
931 1665 1151 1708 constravit,
1179 1676 1223 1700 ex
1252 1663 1347 1698 hisce
1374 1665 1525 1701 Suessa-

150 1722 206 1744 nis
236 1711 417 1746 montibus
444 1711 576 1761 lapides
604 1715 807 1762 sumpsisse.
837 1713 939 1749 Aliae
965 1725 1045 1749 vero
1075 1715 1153 1750 viae
1171 1742 1181 1758 ‚
1210 1714 1263 1748 uti
1292 1713 1522 1759 Consularis„

153 1759 414 1844 etbPuteolana
444 1768 572 1797 stratae
597 1763 744 1799 fortasse
790 1764 937 1800 fuerunt
981 1765 1116 1800 vicinae
1159 1763 1412 1812 Sulphurariae
1454 1767 1527 1802 sili*

151 1821 182 1845 ei
210 1820 264 1844 us.

251 1859 311 1908 (1)
329 1858 398 1894 Via
414 1860 550 1897 isthaec
570 1868 708 1898 vetusta
729 1864 868 1898 extabat
883 1863 1001 1899 adhuc
1023 1864 1112 1900 circa
1130 1867 1262 1901 annu'm
1281 1864 1526 1905 MDLXVIIl.

155 1908 219 1946 sed
243 1915 296 1944 tot
323 1911 471 1946 saeculis
499 1919 676 1948 vetustate
701 1912 906 1949 labefactata
924 1942 934 1960 ,
964 1920 999 1948 et
1042 1913 1193 1962 inospita
1245 1916 1449 1963 praesertim
1481 1918 1527 1952 ob

150 1961 318 2002 latrones,
346 1961 409 2008 qui
437 1963 590 1997 viatores
617 1974 720 2011 saepe
748 1963 937 1999 vexabant.
967 1964 1069 2000 Hanc
1095 1964 1280 2013 Neapolim
1312 1976 1395 2000 cum
1424 1965 1529 2001 advee

151 2011 261 2046 nisset
286 2009 482 2048 Parafanus
508 2012 636 2048 Ribera
664 2013 829 2062 Regnum
858 2014 1141 2063 Neapolitanum
1170 2013 1420 2051 administrans
1462 2029 1525 2066 pro

150 2059 320 2108 Philippo
349 2060 394 2095 Π.
424 2061 516 2099 hanc
542 2062 636 2099 viam
675 2063 894 2107 interclusit,
934 2077 1006 2114 quo
1048 2064 1151 2100 aliam
1194 2076 1321 2100 novam
1369 2069 1524 2114 aperiret

148 2111 365 2146 maritimam
389 2138 399 2154 ‚
428 2125 519 2161 quae
547 2111 589 2148 ad
616 2111 872 2149 Balneolanam
901 2115 1083 2164 regionem
1111 2114 1290 2164 perducit.
1320 2115 1418 2151 Haec
1446 2124 1525 2152 tum

153 2159 222 2194 fuit
249 2159 423 2208 appellata
454 2164 508 2199 via
539 2163 656 2200 Nova
680 2190 690 2207 ‚
720 2170 784 2199 aut
811 2164 961 2201 Rive‘ra.
991 2165 1085 2201 Hinc
1111 2174 1394 2201 monumentum
1425 2167 1533 2202 erexit

151 2208 194 2245 ad
221 2209 368 2246 huiusce
396 2215 475 2250 viae
502 2215 603 2258 latus,
634 2213 804 2250 utadhuc
831 2215 1011 2264 legere'est
1037 2218 1072 2251 in
1102 2227 1142 2251 eo
1169 2215 1264 2259 loco,
1285 2216 1346 2263 qui
1368 2216 1527 2266 appella-

153 2266 213 2294 tur
239 2259 261 2293 2²
280 2259 464 2313 Epitaffio
493 2265 590 2301 iuxta
617 2257 678 2298 SS.
705 2265 903 2314 Martyrum
930 2265 1118 2315 Agricolae
1138 2291 1149 2311 ,
1176 2275 1211 2302 et
1238 2265 1366 2305 Vitalis
1405 2267 1527 2304 aedem

155 2316 253 2346 extra
281 2320 440 2359 cryptam
469 2314 737 2365 Neapolitanam
751 2328 768 2350 z·
981 2367 1005 2392 *ς
