1920 2579
376 106 395 142 *1
436 109 461 138 2

377 112 432 198 ng
466 156 654 208 Augusto
686 149 958 208 triumphanti
990 148 1153 192 ‘obviam
1182 149 1290 202 iret,
1326 149 1392 192 cui
1424 148 1525 193 nihil
1556 150 1596 192 in
1634 149 1747 193 Italia

376 212 574 256 obstabat.
606 211 869 254 Domitianus
920 209 1190 250 Oenobarbus
1239 224 1331 250 cum
1384 210 1565 251 Antonio
1610 213 1747 266 copias

378 271 620 321 coniunxit,
658 279 696 311 et
727 270 863 310 statim
896 267 948 308 ad
979 267 1256 308 Brundusium
1290 267 1615 323 oppugnandum
1658 285 1747 323 per-

378 330 480 373 rexit
500 360 513 378 ‚
552 329 652 369 dum
687 329 830 368 Sextus
862 327 1077 382 Pompeius
1110 325 1261 366 bellum
1295 324 1372 365 alio
1403 325 1576 379 gerebat.
1596 329 1751 368 Moece-

379 388 481 431 natis
514 386 728 427 familiares
765 384 895 427 Pollio
918 416 930 435 ,
971 394 1009 425 et
1041 383 1237 425 Cocceius
1269 384 1549 425 Brundusium
1580 384 1657 424 iter
1690 387 1750 426 in·

382 447 634 495 stituerunt,
666 458 749 501 quo
783 445 1012 487 Antonium
1053 444 1191 493 inter,
1237 453 1275 483 et
1306 443 1576 483 Octavianum
1611 458 1753 498 pacem

383 513 713 560 componerent,
749 516 853 557 quae
886 501 1021 542 statim
1054 516 1187 557 reapse
1238 500 1313 540 suit
1355 511 1525 555 peracta.
1562 503 1756 542 Horatius

385 564 457 622 qui
490 563 661 602 istorum
692 560 766 601 sibi
800 561 1016 601 amicitiam
1051 557 1315 608 conciliarat,
1360 574 1400 598 se
1447 558 1600 599 itineris
1631 561 1755 600 comi-

386 634 468 663 tem
501 620 711 660 adiunxit:
742 621 792 659 ita
827 620 909 674 ipse
940 617 1076 659 statim
1127 616 1227 657 urbe
1277 616 1353 657 fuit
1402 616 1605 674 profectus
1657 633 1753 659 cum

387 679 613 722 Heliodoro
646 676 774 718 Graio
817 677 1024 728 Rhome,
1074 690 1156 732 quo
1190 677 1467 716 Moecenatem
1515 675 1758 729 Terracinae

385 746 624 794 expectaret.
657 735 704 775 Id
735 749 857 783 omne
889 735 1103 776 ediscimus
1152 748 1197 774 ex
1241 732 1381 774 eodem
1423 734 1519 774 baec
1569 745 1756 775 narrante

388 797 456 837 lib.
491 795 521 835 L
555 795 695 848 Satyra
729 796 770 835 5.
803 793 888 834 Nos
921 793 1085 834 huiusce
1116 802 1271 848 partem
1303 792 1545 845 afferemus,
1577 807 1681 849 quae
1702 792 1754 834 ad

393 856 573 910 Appiam
605 851 899 893 inlustrandam
932 853 1039 891 viam
1071 853 1164 893 satis
1196 853 1282 892 erit.

508 912 740 966 Antequam
781 911 832 951 de
864 911 996 967 Appia
1028 910 1089 951 via
1120 923 1347 952 sermonem
1387 908 1677 961 instituamus,
1711 909 1762 952 de

392 971 546 1026 templo
578 968 757 1025 quodam
789 969 1003 1010 eruderato
1034 984 1156 1024 super
1189 968 1327 1009 eadem
1361 967 1432 1008 ΙΙΙ,
1462 967 1513 1007 ab
1552 970 1682 1010 Roma
1714 969 1764 1010 la·

392 1029 487 1085 pide
519 1028 655 1068 multis
686 1027 833 1068 abhinc
865 1028 979 1069 annis
1012 1028 1202 1068 dicemus.
1236 1027 1330 1067 Hoc
1370 1036 1549 1067 erectum
1599 1027 1676 1067 fuit
1711 1028 1762 1069 ab

389 1086 559 1127 Herode
598 1086 736 1126 Attico
761 1117 772 1134 ,
803 1087 874 1141 qui
907 1087 1064 1128 Romae
1097 1084 1363 1126 Consulatum
1415 1084 1532 1139 gessit
1556 1117 1567 1138 ,
1613 1087 1767 1143 quique

395 1144 532 1185 villam
565 1144 651 1183 heic
684 1144 860 1198 possedit
881 1175 894 1194 ‚
926 1143 1208 1200 templumque
1240 1142 1422 1184 condidit
1457 1144 1691 1185 marmoreis
1725 1161 1765 1185 e-

401 1213 618 1244 xornatum
651 1201 881 1253 columnis,
911 1202 953 1244 in
985 1217 1161 1258 quarum
1191 1200 1433 1256 quibusdam
1455 1201 1643 1258 insculpti
1659 1213 1771 1244 erant

402 1261 547 1303 Graeci
586 1261 867 1309 characteres;
914 1276 935 1300 a
969 1259 1174 1300 nonnullis
1221 1260 1471 1316 interpretati
1520 1260 1666 1312 fuere,
1731 1272 1770 1301 et

400 1330 440 1361 et
473 1320 705 1375 praesertim
741 1332 764 1358 a
796 1319 858 1360 Cl.
893 1318 998 1361 Viro
1029 1317 1243 1359 Viscontio
1277 1318 1497 1367 Romano;
1531 1319 1678 1358 horum
1715 1320 1770 1359 fa-

402 1378 457 1419 cit
492 1378 739 1417 mentionem
772 1377 944 1419 Ioannes
977 1375 1170 1418 Albertus
1192 1375 1395 1418 Fabritius
1413 1375 1774 1419 Biblioth,Graec.

400 1434 812 1477 tom.XHI.Eaedem
830 1437 1045 1476 columnae
1075 1434 1226 1475 ibidem
1251 1444 1431 1490 repertae
1461 1436 1559 1476 olim
1582 1436 1771 1475 extabant

400 1495 555 1535 Romae
586 1494 625 1533 in
658 1492 822 1535 aedibus
855 1493 1137 1546 Farnesianis,
1170 1504 1210 1536 et
1243 1508 1352 1533 nunc
1382 1492 1551 1550 Neapoli
1585 1493 1626 1534 in
1648 1494 1771 1549 Regio

403 1556 549 1595 Museo
582 1552 804 1593 Borbonio.

524 1613 667 1650 Statim
714 1626 757 1650 ac
790 1611 984 1652 Horatius
1017 1610 1391 1660 Roma'discessit,
1429 1610 1603 1650 Ariciam
1638 1625 1777 1666 perve-

407 1672 498 1721 nitg
533 1685 574 1708 ea
610 1684 755 1723 parum
787 1670 836 1708 ab
871 1669 967 1709 urbe
1009 1669 1216 1721 distabat,
1268 1684 1412 1722 nempe
1467 1668 1597 1710 CXX.
1646 1668 1774 1708 stadia

413 1731 522 1769 iuxta
560 1727 798 1767 Strabonem
838 1726 906 1770 lib.
942 1729 997 1767 V.
1031 1728 1180 1782 Geogr.
1231 1743 1333 1782 quae
1364 1727 1520 1768 circiter
1565 1737 1660 1767 sunt
1694 1725 1781 1766 rnil-

406 1787 514 1828 haria
548 1786 707 1828 xvsti}
735 1799 782 1826 eo
816 1788 903 1826 loco
924 1784 1149 1828 celebratur
1167 1787 1320 1828 Dianae
1353 1785 1552 1843 ternplum
1585 1795 1782 1826 erectum⁴

526 1903 771 1958 Egressum
803 1917 965 1959 magna
996 1917 1065 1943 me
1099 1908 1273 1958 excepit
1307 1903 1464 1945 Aricia
1500 1902 1644 1942 Roma

527 1963 727 2013 Hospitio
769 1962 970 2001 modzco:
1011 1961 1170 2001 Rhetor·
1201 1971 1345 2003 eomes
1380 1961 1650 2003 Heliodorus

528 2020 802 2061 Graecorum
832 2020 962 2075 longe
994 2019 1270 2060 doctissimus
1289 2020 1404 2063 :inde
1457 2018 1623 2059 Forum
1651 2015 1772 2071 Appi

528 2076 767 2132 Differ-tum
802 2080 943 2118 nautis
964 2109 976 2127 ‚
1009 2079 1277 2133 cauponibus
1318 2089 1446 2137 atque
1478 2075 1692 2133 malignis.

419 2196 511 2239 Hoc
547 2192 671 2249 Appii
705 2193 859 2235 Forum
890 2195 944 2235 ita
975 2194 1129 2237 dictum
1173 2208 1192 2232 a
1224 2194 1468 2247 quibusdam
1512 2192 1632 2233 fnisse
1661 2190 1789 2232 credi-

420 2265 488 2300 tur
521 2251 621 2296 illud
652 2253 784 2316 ipsum
806 2283 818 2305 ,
851 2253 915 2294 cui
949 2269 1058 2296 nunc
1092 2268 1241 2298 nomen
1279 2254 1320 2294 le
1356 2252 1470 2301 (ἔαξε
1515 2250 1649 2294 Nera
1695 2251 1784 2297 Hue
