1920 2579
1530 100 1580 141 61

202 162 439 207 habitatores
468 165 633 205 civitatis
660 159 769 201 illius
786 189 801 208 ,
850 166 889 200 ct
923 157 1188 199 Barbarorum
1218 156 1374 210 gladiis
1393 185 1407 206 ,
1446 165 1486 197 et
1524 175 1587 213 pe-

205 223 402 265 stilentiae
428 222 672 263 immanitate
709 217 853 260 vastati
885 225 989 258 sunt.
1029 216 1152 258 Anno
1203 229 1298 254 vero
1338 214 1587 258 DCCCXL..

208 280 432 323 Beneventi
460 278 640 336 principe
673 276 819 317 Sicone
857 274 1056 315 trucidato
1077 303 1089 324 ,
1125 284 1163 313 et
1184 272 1224 312 in
1245 272 1429 313 eiusdem
1448 272 1587 315 locum

209 337 462 380 Radelchisio
502 336 703 387 suffecto,
737 332 971 376 Sinoculfus
1008 347 1091 389 quo
1132 330 1291 372 Siconis
1328 341 1501 372 mortem
1525 332 1586 372 ul·

211 401 458 447 cisceretur,
498 395 778 435 Saracenosin
814 391 974 434 ltaliam
1010 390 1063 431 ad
1098 389 1183 431 eius
1220 390 1425 446 suppetias
1475 405 1587 432 voca-

214 456 272 496 vit
292 489 312 507 ,γ
341 456 411 510 qui
449 454 696 509 Aquinum,
734 454 887 494 Arcem
908 481 919 503 ,
954 461 993 490 et
1028 449 1158 490 vicina
1198 449 1446 504 praedantur
1485 447 1587 503 loca,

210 524 252 554 et
287 512 377 566 igne
413 519 710 563 concremant,
766 521 811 551 ut
851 507 990 550 scribit
1033 508 1285 562 Anonymus
1335 506 1585 549 cassinensis

210 570 320 627 apud
355 569 561 626 pellegrin-
594 565 701 609 Hist.
744 569 867 622 Lang.
898 565 1085 624 Sequiori
1104 579 1203 606 aevo
1226 580 1307 605 non
1326 567 1481 616 semel,
1517 565 1588 607 sed

211 628 362 686 pluries
399 628 476 669 hoc
507 626 681 684 opidum
717 627 794 668 fuit
815 627 1026 669 obsessum
1068 625 1089 680 (
1128 639 1225 666 nam
1257 622 1392 663 adhuc
1429 627 1589 667 moenia

211 684 385 728 habebat
426 687 644 728 fortissima
679 687 696 737 )
729 686 790 727 his
821 684 924 725 adde
958 694 1097 725 motus
1123 693 1254 724 terrae
1278 712 1291 732 ,
1316 692 1353 722 et
1372 684 1589 739 praecipue

215 754 368 800 pestem
389 773 402 793 ‚
435 757 539 798 quae
569 743 713 785 accidit
745 758 854 784 anno
888 741 1066 783 MCXL.
1104 756 1188 797 quo
1221 751 1405 797 tempore
1422 743 1588 799 perplu-

217 816 279 843 res
305 801 387 842 fato
416 801 572 852 functi3
606 801 659 841 ita
695 800 790 843 urbs
825 799 1020 856 paulatim
1051 798 1214 839 decidit.

342 858 578 899 Hodiedum
626 860 719 899 satis
749 869 807 899 est
839 873 995 914 parva,
1032 869 1182 913 paucos
1213 855 1371 898 habens
1421 857 1583 901 incolas.

221 918 423 956 Immensa
457 917 667 955 ruinarum
700 915 880 965 rudera,
915 928 1024 969 quae
1054 916 1095 953 in
1127 914 1212 953 eius
1241 926 1460 969 supersunt
1502 917 1588 960 solo

222 986 433 1026 conspersa
456 1000 469 1021 ,
501 973 595 1013 satis
628 982 825 1013 testantur
845 1001 861 1022 ,
902 971 1076 1027 opidum
1093 969 1305 1026 quondam
1338 972 1587 1016 Volscorum

222 1028 484 1085 magnificum
515 1030 650 1072 fuisse.
683 1028 796 1083 Quin
829 1043 897 1070 aer
929 1030 1013 1085 ipse
1042 1059 1058 1080 ,
1097 1038 1136 1069 et
1167 1043 1294 1084 pauca
1325 1028 1503 1072 aedificia
1526 1048 1590 1075 re-

218 1086 344 1129 centia
364 1087 559 1129 humilem
583 1119 598 1138 ,
634 1098 672 1128 et
695 1087 760 1130 vix
792 1086 913 1128 ullius
930 1087 1106 1128 nominis
1126 1087 1269 1129 urbem
1293 1089 1586 1144 praeseferunt.

334 1145 518 1186 Tandem
550 1147 852 1202 praeclarorum
883 1145 1093 1201 quondam
1125 1147 1310 1190 virorum
1346 1149 1474 1203 patria
1492 1148 1587 1206 fuir,

224 1204 500 1246 ut.1uvenalis
535 1216 712 1260 poetae,
751 1204 958 1247 Pescennii
988 1205 1106 1259 Nigri
1140 1206 1318 1247 Romani
1356 1205 1585 1262 Imperato-

222 1261 320 1305 toris
337 1296 351 1315 ,
386 1273 425 1302 et
457 1261 672 1319 praecipue
691 1263 876 1319 Angelici
891 1263 1082 1305 Doctoris
1101 1264 1309 1307 Ecclesiae
1331 1264 1371 1306 S.
1389 1265 1586 1310 Thomae.

341 1320 462 1362 Haud
494 1320 636 1375 procul
665 1320 715 1363 ab
745 1321 846 1364 urbe
877 1322 958 1362 iam
992 1322 1192 1379 descripta
1224 1323 1392 1365 fuerunt
1424 1324 1584 1381 Fregel·
1622 1332 1762 1368 rfe‘geiin.

221 1379 283 1419 lae
316 1393 425 1419 nunc
457 1380 747 1431 pontecorvo,
783 1379 897 1436 quod
927 1380 1097 1437 opidum
1131 1383 1299 1437 ponitur
1321 1382 1504 1425 Suessam
1526 1387 1589 1426 in-

226 1445 309 1489 ter,
345 1446 383 1476 et
431 1439 612 1479 Formias
660 1453 789 1496 prope
818 1439 948 1480 Lirim
996 1454 1172 1480 amnem.
1203 1441 1259 1481 At
1311 1438 1411 1481 illud
1444 1443 1586 1498 procul

222 1493 348 1536 dubio
378 1495 429 1535 ad
462 1495 627 1538 Latium
661 1498 856 1552 pertinuit
877 1512 889 1534 :
921 1512 1031 1538 nunc
1064 1513 1157 1539 vero
1189 1509 1246 1540 est
1277 1498 1317 1538 in
1361 1500 1584 1558 Campania

220 1552 342 1594 Felici
376 1568 457 1595 non
492 1554 633 1609 procul
662 1555 713 1596 ab
744 1556 920 1613 Aquino.
956 1556 1102 1598 Strabo
1135 1556 1205 1599 lib.
1239 1556 1294 1598 V.
1329 1571 1466 1599 narrat
1515 1562 1584 1602 Li·

221 1610 297 1651 rim
330 1610 525 1666 Fregellas
556 1612 825 1655 interfluxisse
845 1645 857 1663 ‚
889 1613 946 1654 ita
978 1626 1025 1656 ut
1053 1614 1150 1656 urbs
1197 1630 1319 1671 supra
1367 1628 1584 1676 utramque

223 1669 296 1708 sita
330 1682 428 1709 esset
461 1672 601 1725 ripam.
634 1672 774 1715 Livius
804 1671 873 1714 lib.
906 1672 1020 1714 VIII.
1051 1688 1086 1715 c.
1136 1688 1189 1715 22
1222 1674 1265 1714 in
1312 1675 1418 1716 hanc
1466 1679 1584 1721 Colo·

224 1725 334 1764 niam
366 1726 583 1769 deductam
615 1741 751 1785 aperte
780 1729 971 1772 declarat.
1006 1733 1094 1788 Ipse
1127 1733 1249 1774 etiam
1264 1745 1399 1775 narrat
1416 1736 1484 1778 lib.
1504 1738 1581 1783 IX.

227 1796 258 1820 c.
302 1795 347 1822 12
399 1784 508 1823 Coss.
559 1789 611 1839 Q.
660 1787 865 1837 Publilio,
923 1799 963 1828 et
993 1793 1040 1831 L.
1091 1790 1253 1845 Papirio
1301 1807 1410 1834 anno
1444 1797 1499 1836 V.
1532 1796 1580 1836 C.

227 1840 562 1882 CCCCXXXIH
597 1843 795 1885 Samnites
814 1875 827 1894 ‚
858 1846 1165 1902 Satricanosqne
1196 1847 1316 1889 simul
1349 1863 1440 1906 post
1471 1853 1582 1895 Cau-

226 1895 363 1938 dinam
396 1898 549 1940 cladem
584 1901 686 1941 hanc
740 1902 884 1943 urbem
935 1915 1059 1946 noctu
1093 1920 1321 1961 occupasse.
1368 1912 1581 1969 Vtrosque

227 1956 347 1997 timor
378 1957 430 1997 ad
463 1959 592 1999 lucem
628 1975 755 2015 usque
791 1962 954 2011 tenuit3
1002 1979 1119 2003 mane
1151 1975 1285 2006 autem
1318 1976 1365 2008 ut
1399 1969 1536 2026 illuxit
1567 2003 1578 2024 ,

224 2028 356 2067 pugna
391 2015 581 2070 utrinque
613 2028 697 2058 orta
718 2049 732 2068 ,
770 2033 894 2073 quani
927 2020 1150 2076 Fregellani
1183 2025 1475 2069 sustinuerunt.
1523 2032 1579 2072 At

226 2071 424 2114 Samnites
470 2073 749 2116 fraudulenter
793 2091 1036 2132 praeconem
1067 2095 1138 2136 per
1171 2082 1314 2124 urbem
1363 2088 1534 2129 mittunt
1563 2119 1576 2140 ‚

223 2130 293 2182 qui
326 2131 513 2181 nuntiet,
567 2134 780 2176 incolumes
828 2138 1037 2186 abituros,
1086 2140 1156 2195 qui
1200 2158 1311 2185 arma
1343 2151 1575 2200 posuissent.

224 2188 313 2229 Hoc
343 2190 532 2232 nuntium
564 2192 613 2233 ab
645 2193 814 2234 incautis
846 2195 1031 2251 opidanis
1049 2197 1281 2252 creditum,
1321 2204 1464 2247 urbem
1496 2207 1576 2247 iarn

222 2258 303 2289 osse
333 2260 525 2306 captam,
561 2251 698 2310 sicque
729 2266 839 2297 arma
872 2253 1114 2299 deiecerunt.
1163 2258 1258 2301 Alia
1306 2260 1455 2306 civium
1486 2280 1577 2323 pars
