1920 2579
375 127 389 158 1
430 127 456 156 2

366 133 484 216 us7um
506 204 518 224 ‚
551 173 661 216 unde
690 170 834 230 postea
877 171 1016 218 'Massa
1063 172 1271 220 Lubrens'z's
1320 173 1534 234 appeliatass
1592 170 1726 236 quue

361 233 535 274 evenisse
573 235 626 274 ait
657 233 780 275 etiam
815 236 970 276 Massae
992 233 1232 291 AEquanae,
1285 246 1330 277 ut
1362 247 1478 276 ante>
1521 234 1730 288 diximus,

365 305 468 346 quae
499 290 549 331 ab
579 289 678 332 urbe
707 289 840 346 AEqua
875 291 953 335 iam
997 308 1130 334 eversa
1167 295 1329 335 coaluit.
1682 310 1685 321 ³

483 347 720 390 Hodiedum
755 350 851 390 haee
889 351 986 392 urbs
1018 351 1060 391 in
1082 351 1358 407 pulcherrimo
1403 362 1533 392 terrae
1560 349 1654 392 {oco
1669 358 1731 392 est

366 406 495 461 posita
530 423 650 463 super
688 420 800 448 mare
836 408 1262 466 Neapolimspectans.
1298 410 1399 450 Eius
1435 424 1528 464 ager
1565 408 1733 450 fertilis-

357 464 482 506 simus
519 475 576 506 est
597 496 610 515 ,
643 473 682 506 et
716 465 904 517 fructus,
949 478 1072 524 atque
1089 467 1226 509 oleum
1248 467 1439 522 producit
1459 467 1726 523 exquisitum.

357 522 479 563 Anno
514 522 641 565 MCL.
674 522 846 578 opidum
881 524 958 566 fuit
994 540 1209 577 eversum,
1249 535 1370 580 atque
1414 539 1558 566 rursus
1589 523 1728 567 aedifi-

367 590 500 621 catum
524 612 536 631 ,
581 591 620 622 et
650 595 754 621 anno
808 582 1049 626 MDLVIH.
1073 598 1096 624 a
1129 583 1273 624 Turcis
1307 583 1400 624 fuit·
1430 583 1640 634 excisum,
1686 591 1725 622 et

364 638 616 680 horrendum
647 638 770 680 subiit
788 639 929 681 fatum.
967 642 1060 682 Post
1092 640 1132 681 id
1164 640 1358 695 temporis
1377 641 1662 692 intervalium,
1682 649 1726 679 ut

366 707 504 737 contra
535 696 760 746 Barbaros,
790 698 860 752 qui
893 713 1009 753 saepe
1037 698 1133 738 haec
1166 697 1406 753 expetebant
1435 699 1580 749 litora,
1607 712 1721 753 prae-

366 754 512 794 sidium
547 754 711 793 haberet
746 755 952 796 munitum
970 785 980 802 ‚
1005 755 1150 810 passim
1183 764 1313 796 turres
1332 754 1561 797 aedificatae
1587 755 1716 796 fuere.

365 812 472 852 Hinc
506 808 794 852 Ptilchareliius
829 810 898 854 lib.
938 812 995 852 111
1031 813 1139 867 Eleg.
1176 811 1229 853 11·
1266 827 1357 856 eam
1391 812 1533 856 urbem
1578 811 1720 858 Turris

364 879 448 911 tam
472 880 598 910 vocat.
1438 884 1440 886 ’

135 925 362 986 ¹¹¹⁵“32jaesffsffl‘h
480 931 610 984 Prope
646 927 818 968 Massam
854 928 1106 970 Lubrensem
1145 939 1256 971 extra
1298 930 1505 971 Minervae
1540 942 1727 985 promon-

365 986 541 1037 torium,
573 986 690 1038 vulgo
722 986 875 1027 Stretto
906 989 1010 1028 della
1049 988 1604 1043 Campanella,ex'ea·parte
1618 1000 1722 1041 quae

364 1044 680 1084 Posidonianum
716 1053 865 1098 spectat
894 1046 1060 1094 sinum,
1114 1055 1153 1086 et
1190 1060 1212 1084 a
1248 1047 1413 1100 Capreis
1453 1059 1533 1085 non
1580 1043 1720 1097 procul

364 1101 510 1141 adsunt
548 1098 746 1156 quaedam
779 1115 921 1156 parvae
957 1102 1137 1153 insulae,
1174 1117 1348 1156 quarum
1372 1101 1501 1155 prima
1525 1098 1725 1140 salutatur

369 1159 521 1208 Gallo,
561 1159 683 1198 attera
722 1158 765 1197 S.
799 1159 932 1200 Pietro
964 1173 1058 1199 cum
1101 1158 1346 1213 quibusdam
1366 1157 1450 1198 aliis
1484 1156 1724 1214 propinquis

360 1217 544 1271 scopulis.
582 1217 643 1257 Ex
676 1215 851 1270 antiquis
888 1215 1150 1271 scriptoribus
1186 1215 1355 1272 quidam
1397 1231 1460 1256 eas
1503 1229 1629 1272 prope
1662 1213 1720 1253 Si-

362 1274 493 1315 ciliam
531 1274 639 1313 iuxta
670 1271 801 1313 Pelori
837 1275 1169 1328 promontorium
1199 1284 1373 1330 ponunt.
1407 1272 1486 1314 Sed
1522 1273 1720 1313 Aristote-

360 1331 416 1373 les
449 1332 532 1372 illas
573 1333 746 1387 Capreas
777 1344 906 1388 prope
938 1332 1030 1373 sitas
1061 1347 1143 1373 esse
1178 1331 1316 1372 scribit
1350 1330 1400 1371 de
1432 1328 1613 1372 Mirabil.
1652 1327 1721 1370 lib.

360 1390 433 1432 IV.
469 1389 563 1430 huic
599 1389 773 1430 adsentit
804 1388 925 1429 ctiam
958 1389 1103 1432 Strabo
1132 1387 1203 1430 lib,
1236 1390 1290 1432 V.
1322 1386 1611 1439 Martorellius,
1633 1384 1716 1428 Co·

360 1449 439 1487 lon.
475 1447 607 1489 Fenic.
636 1462 723 1504 pag.
769 1447 1085 1499 108.Homeri,
1122 1457 1161 1490 et
1199 1446 1350 1489 Cluerii
1386 1447 1472 1489 Ital.
1520 1454 1600 1485 ant.
1639 1443 1712 1488 tib.

361 1505 434 1547 IV.
467 1522 500 1548 c·
538 1509 560 1547 3
598 1506 864 1558 auctoritate,
902 1507 1059 1548 Sirenes
1094 1519 1176 1547 non
1213 1504 1322 1547 hisce
1354 1504 1394 1546 in
1413 1503 1552 1545 insulis
1574 1502 1710 1554 fuisse,

360 1578 498 1604 verum
535 1564 643 1617 apud
676 1564 848 1617 Capreas
881 1562 1111 1605 arbitratur.
1141 1563 1346 1606 Homerus
1385 1560 1494 1603 enim
1511 1560 1646 1595 Οδυσσ·
1668 1574 1708 1601 μ·

360 1635 394 1660 ν.
434 1625 509 1673 167
543 1621 609 1667 ubi
645 1619 796 1678 Viyssis
830 1623 1007 1670 errores,
1041 1630 1080 1662 et
1111 1618 1199 1660 loca
1237 1621 1342 1660 circa
1373 1619 1583 1660 Circaeum
1623 1632 1712 1674 pro·

360 1679 634 1727 montorium,
689 1689 726 1718 et
763 1677 1031 1719 Puteolanum
1091 1675 1281 1718 describit
1326 1691 1497 1732 agrum,
1521 1675 1709 1732 -Capreas

362 1738 532 1777 insulam
560 1735 749 1782 Σέιρηνοιιν
775 1735 877 1773 νῆσον
911 1736 1014 1775 hanc
1048 1734 1217 1789 appeilat
1236 1764 1248 1783 ,
1271 1749 1372 1790 quae
1395 1736 1502 1774 iuxta
1539 1733 1709 1774 citatum

360 1791 654 1836 Mar-torelliurn
686 1807 767 1835 non
788 1793 927 1835 Pontia
948 1823 961 1841 ,
999 1802 1067 1833 aut
1098 1791 1173 1832 alia
1207 1791 1336 1833 insula
1365 1793 1406 1832 in
1440 1790 1517 1832 alio
1541 1791 1612 1831 sita
1629 1791 1707 1832 fuit

359 1853 458 1891 mari
482 1884 494 1902 ,
525 1851 594 1892 sed
634 1851 820 1907 Capreae.
855 1849 1041 1892 Cluerius
1088 1849 1172 1890 ltal-
1207 1845 1347 1906 antiq}
1375 1848 1443 1890 lib·
1491 1848 1562 1889 VI.
1602 1848 1704 1890 hane

357 1910 636 1951 auctoritatem
671 1924 716 1950 eo
753 1907 878 1950 modo
907 1907 1152 1950 confirmat:
1204 1906 1275 1949 Ea
1306 1908 1413 1949 nulla
1450 1907 1532 1947 alia
1575 1915 1705 1961 potest

356 1984 435 2009 esse
452 1999 463 2019 ‚
499 1983 616 2023 quam
650 1983 752 2023 quae
772 1998 782 2007 .
801 1998 810 2007 .
833 1998 842 2009 .
864 1997 872 2006 .
904 1978 993 2008 ante
1039 1970 1244 2008 Minervae
1276 1969 1581 2021 promontorIum
1605 1964 1701 2013 sita,

356 2027 435 2066 allo
469 2030 626 2066 nomine
656 2029 767 2068 dicta
794 2033 852 2067 est
887 2028 1070 2077 Capreae.
1108 2022 1273 2063 Falsum
1300 2023 1422 2076 igitur
1458 2031 1516 2061 est
1545 2020 1645 2062 illud
1679 2053 1695 2073 ,

356 2081 465 2150 quod
505 2097 526 2122 a
554 2082 793 2139 quibusdam
835 2082 1023 2121 asseritur
1059 2078 1346 2136 scriptoribus,
1382 2079 1538 2119 Sirenes
1589 2079 1701 2134 apud

355 2140 595 2181 buri-emtum
643 2140 786 2188 fuisse,
818 2138 888 2194 qui
924 2137 1024 2178 hanc
1051 2150 1192 2177 vocem
1223 2134 1462 2178 asirenibus
1484 2135 1693 2183 fecer-unm

359 2212 451 2237 nam
491 2195 706 2240 clarissime
737 2200 940 2239 Homerus
969 2194 1140 2236 insulam
1158 2225 1171 2246 ,
1196 2209 1280 2237 non
1318 2193 1600 2237 continentem
1625 2209 1698 2250 ap-

358 2254 478 2313 pellat
511 2253 695 2298 tellurem
722 2255 908 2298 Sirenum
935 2252 1221 2296 habitationem
