1920 2579
613 99 630 106 “
1415 100 1490 139 133

124 162 366 208 erudiendos
397 177 556 205 curasse
580 178 593 204 ε
624 165 830 203 fractores
862 160 1027 212 habeo3
1053 157 1272 201 Romanos
1302 171 1490 209 pueros,

122 227 226 264 sicut
256 237 369 263 nunc
406 221 606 272 Graecis,
644 222 701 261 ita
734 229 832 261 tunc
865 219 1057 262 Ecracsis
1084 219 1215 258 literis
1246 215 1409 256 eruclirc-
1422 230 1488 255 so-

125 284 234 322 Zitos.
268 281 328 320 Ex
379 279 575 337 Dionysio
621 277 946 319 Halicarnassaeo
997 276 1065 318 lib.
1107 275 1175 316 III.
1221 277 1493 316 Demaratum

124 341 298 381 Graium
332 339 479 378 scimus
500 368 513 388 ,
550 352 643 378 suos
676 335 777 376 filios
815 334 1002 377 Etmscas
1037 334 1241 376 edocuisse
1273 333 1415 373 literas.
1437 333 1496 372 Ex

123 399 186 439 his
221 396 388 442 narratis
420 397 512 436 satis
560 395 720 452 liquet,
764 393 867 434 hanc
916 394 1009 435 olim
1058 403 1217 449 gentem
1264 391 1388 431 literis
1421 392 1492 430 ad·

124 457 274 496 dictam
306 454 406 495 adeo
442 455 588 503 fuisse,
624 464 667 494 ut
700 452 852 494 vicinae
874 483 885 501 ‚
929 462 967 493 et
1016 453 1261 507 longinquae
1313 449 1495 489 nationes

126 516 165 555 in
203 514 365 554 illorum
397 513 527 565 lingua
561 511 882 553 instituerentur.

242 572 349 612 Cum
384 565 517 611 autern
549 571 697 611 horum
730 570 861 624 lingua
896 568 936 608 in
970 582 1088 610 more
1121 567 1292 607 maxime
1313 577 1411 606 esset
1433 581 1495 621 pc-

127 632 199 672 sita
234 629 368 687 (nem
404 628 564 669 illorum
597 627 819 684 Imperium
853 627 933 668 late
985 637 1069 667 erat
1112 626 1345 680 diffusum)
1404 627 1499 664 hinc

127 701 282 730 certum
321 699 407 738 est,
447 687 566 742 apud,
589 687 785 728 Etruscos
817 685 951 740 plures
984 685 1157 727 extitisse
1178 688 1495 739 scriptores,q·u

128 750 312 788 materias
334 779 346 798 ,
383 758 422 787 et
453 756 686 799 argumenta
719 755 942 785 tractarunt
973 746 1091 786 varia.
1127 744 1228 783 Heic
1262 743 1422 782 interim
1447 742 1495 781 de

127 806 224 860 ipsis
259 820 383 861 pauca
416 804 696 858 adiungemus.
730 802 961 845 Macrobius
981 802 1050 844 lib.
1082 802 1178 842 VH.
1213 817 1245 841 e.
1279 806 1323 843 13
1357 800 1494 841 Caeci-

126 878 222 904 nam
256 864 453 905 Albinum
496 862 633 917 prodit
669 861 777 917 apud
811 862 996 903 Atteium
1061 860 1330 916 Capitonem,
1364 859 1505 899 libros-

128 937 208 976 que
240 921 511 963 Pontificales
545 930 757 960 memoret.
790 919 869 960 Hic
916 920 1086 976 quidem
1116 929 1256 959 auctor
1294 936 1314 959 a
1352 918 1499 958 Seneca

129 979 251 1021 etiam
298 980 499 1021 indicatur
545 978 710 1030 Quaest.
751 978 894 1019 Natur.
928 979 1001 1020 lib.
1049 977 1099 1018 II.
1137 992 1169 1017 c.
1215 978 1305 1027 35,
1340 979 1494 1031 quique

134 1038 372 1079 Fulininum
395 1048 536 1078 auctor
556 1037 605 1076 ab
637 1035 778 1076 eodem
796 1035 956 1076 dicitur.
977 1035 1121 1078 Suidas
1143 1036 1182 1075 in
1204 1036 1326 1076 verbo
1347 1043 1491 1085 Πολλῆς

135 1097 384 1137 mentionem
404 1097 524 1136 huius
541 1095 634 1135 facit
653 1095 828 1135 auctoris
848 1096 972 1149 patria
993 1094 1220 1148 Augiensis,
1241 1094 1311 1149 qni
1329 1096 1489 1147 scripsit

135 1156 415 1209 Auguriorum
429 1153 552 1194 libros
563 1164 668 1204 octo,
679 1152 727 1192 de
738 1152 1005 1193 Arithmetica
1016 1151 1187 1202 duos‚de
1198 1152 1401 1208 Auspiciis
1415 1153 1499 1195 Ho-

135 1213 309 1261 mericis,
323 1213 452 1269 deque
469 1211 781 1269 Tyrrhenorum
792 1211 1065 1254 Divinatione.
1078 1211 1157 1251 Hic
1175 1213 1362 1265 quamvis
1373 1212 1495 1254 Grae-

131 1285 202 1311 cus
220 1272 362 1327 patria,
381 1282 517 1311 tamen
535 1269 798 1328 Tyrrhenum
821 1271 1032 1325 Pelasgum
1065 1267 1242 1311 eundem
1258 1269 1379 1311 fuisse
1397 1282 1495 1312 sunt

131 1329 201 1383 qui
237 1330 436 1372 scribunt.
473 1329 633 1370 Citatus
663 1339 805 1369 auctor
849 1329 1022 1369 alterum
1059 1338 1298 1379 memorat,
1336 1329 1494 1384 ipsum*-

130 1401 212 1440 que
245 1387 286 1427 in
319 1387 484 1428 historia
515 1386 648 1426 virum
683 1386 860 1441 peritum
895 1386 1016 1427 fuisse
1035 1387 1126 1435 ait;
1155 1385 1223 1426 sed
1260 1387 1430 1442 quinam
1462 1388 1494 1429 is

134 1444 258 1486 fuerit
288 1456 429 1486 auctor
445 1475 457 1495 ‚
490 1459 559 1500 per
579 1443 690 1484 hunc
723 1442 835 1484 haud
854 1455 1028 1495 constat,
1046 1459 1178 1501 neque
1197 1458 1377 1500 quonam
1400 1456 1503 1488 tem-

129 1516 229 1558 pore
261 1518 374 1543 suam
408 1502 655 1543 elucubrarit
688 1502 914 1544 historiam.
946 1506 1080 1545 Varro
1116 1503 1238 1543 etiam
1278 1505 1340 1544 De
1373 1504 1425 1545 L.
1450 1505 1498 1547 L.

135 1558 206 1599 lib.
262 1562 333 1602 IV.
383 1560 589 1617 quendam
641 1568 839 1602 memorat
870 1561 1146 1603 Volumnium
1178 1560 1499 1615 Tragoediarum

137 1617 483 1672 Tyrrhenicarum
517 1618 754 1674 scriptorem
775 1650 790 1670 ‚
816 1634 947 1676 neque
977 1619 1027 1660 de
1065 1621 1151 1676 ipso
1183 1619 1416 1675 quidquam
1441 1622 1501 1663 af-

134 1676 212 1716 fert
233 1708 245 1729 ,
278 1693 351 1719 nec
383 1676 552 1719 verbum
589 1676 757 1733 quidem
778 1708 789 1730 ‚
834 1689 905 1719 aut
938 1678 1226 1734 fragmentum.
1261 1679 1420 1720 Tullius
1456 1679 1507 1722 de

136 1733 272 1776 Divin.
305 1735 374 1776 lib.
408 1735 440 1777 I.
473 1735 660 1776 meminit
708 1735 828 1777 etiam
875 1736 1078 1779 librorum
1124 1736 1502 1791 Aruspicinorum‚

135 1801 175 1832 et
214 1793 491 1848 Fulguralium
514 1824 528 1844 ,
565 1802 603 1834 et
633 1792 857 1835 Ritualium
886 1795 1173 1837 Etruscorum.
1197 1794 1321 1837 Haud
1359 1811 1512 1839 memo·

136 1864 223 1891 rem
258 1854 450 1894 Etruscos
481 1852 577 1892 alios
609 1853 853 1908 scriptores,
885 1854 944 1894 uti
976 1853 1201 1894 Sostratum
1221 1885 1233 1906 ,
1278 1854 1470 1910 Aquilam
1496 1887 1512 1907 3,

134 1907 393 1967 Tarquitium
414 1942 429 1959 ,
466 1909 752 1963 Vmbritium,
785 1921 824 1952 et
855 1910 1098 1963 Caecinam,
1148 1910 1220 1968 qni
1268 1924 1409 1954 omnes
1456 1913 1509 1955 de

136 1966 275 2009 Italico
306 1968 474 2024 Regno,
505 1968 635 2024 deque
667 1970 936 2012 Etruscorum
968 1970 1087 2011 rebus
1107 1970 1192 2011 fuse
1209 1968 1507 2025 scriptitarunt.

135 2021 300 2082 Tzigetes
332 2028 626 2068 vetustissimus
659 2028 760 2069 alius
791 2030 966 2086 scriptor
996 2029 1178 2070 Homero
1212 2030 1300 2085 ipso
1332 2030 1513 2073 anterior

139 2083 157 2140 (
192 2085 249 2125 uti
282 2084 411 2127 fertur
444 2085 459 2141 J
493 2085 544 2127 de
590 2096 852 2128 mortuorum
896 2087 1073 2141 animis,
1124 2088 1256 2144 deque
1303 2086 1514 2140 divinitate

139 2141 340 2186 disseruit.
373 2146 534 2188 Verum
568 2154 614 2186 ut
648 2144 744 2187 alios
776 2156 1056 2202 praeteream,
1093 2146 1185 2188 satis
1218 2155 1317 2188 esset
1337 2177 1350 2197 ‚
1384 2148 1415 2188 si
1441 2163 1512 2190 an-

139 2200 459 2255 tiquissimorum
491 2202 772 2244 Romanorum
804 2218 928 2262 opera
958 2219 1054 2262 prae
1103 2205 1290 2246 manibus
1344 2205 1510 2248 habere-

137 2270 260 2310 mus,
286 2260 357 2317 qui
385 2259 436 2304 de
470 2261 585 2304 Italia.
613 2260 734 2305 verba
765 2261 925 2319 fecere,
960 2273 1005 2307 ut
1043 2264 1148 2306 inter
1179 2263 1276 2307 alios
1327 2265 1507 2307 citantur
