1920 2579
1504 165 1556 207 83

168 218 372 276 defatigati
403 219 583 268 bellum,
620 229 659 259 et
692 227 784 274 post
814 217 977 271 longam
1012 218 1215 259 Troianae
1238 218 1352 262 urbis
1375 219 1557 264 obsidio.

164 294 259 320 nem
294 281 314 335 (
345 279 377 319 si
408 278 508 320 fides
538 279 780 319 Homericae
816 276 1030 317 tribuenda
1076 278 1126 318 sit
1179 277 1372 321 historiae
1402 277 1419 335 J
1473 284 1556 320 lta-

163 336 262 380 liam
293 337 584 391 adnavigarunt
606 368 616 387 ‚
649 349 780 391 eoque
812 335 940 376 varias
971 350 1065 376 suae
1097 337 1225 391 gentis
1259 337 1463 379 Colonias
1484 354 1556 394 per

163 395 282 437 litora
314 397 458 451 passim
491 404 821 446 convectarunt,
855 408 956 450 quas
988 404 1026 433 et
1058 395 1098 435 in
1137 397 1280 449 Magna
1338 398 1515 438 Graecia
1539 429 1552 447 ‚

166 465 205 496 et
235 454 277 494 in
309 451 531 494 Puteolano
567 464 662 508 agro
686 484 699 503 ,
731 462 770 493 et
800 453 840 493 in
875 453 991 492 variis
1024 452 1122 494 locis
1172 455 1355 496 statuisse
1406 454 1550 496 sedem

167 527 215 553 ex
246 511 410 552 historia
440 523 697 568 compertum
731 510 943 554 habemus.
976 510 1158 552 Velleius
1192 514 1429 554 Paterculus
1472 513 1548 557 lib.

168 570 198 612 I.
228 585 263 611 c.
304 573 355 621 14
386 573 548 613 LXXX.
581 570 740 610 circiter
773 581 863 624 post
892 585 1072 611 eversam
1105 571 1273 612 Troiam
1297 602 1309 621 ‚
1343 583 1382 612 et
1416 573 1547 614 Euse-

166 627 258 670 bius
289 628 443 670 Chron.
478 630 546 671 lib.
580 628 631 669 II.
664 628 851 678 CXXXL
881 643 1008 670 annos
1040 638 1130 685 post
1158 627 1268 670 idem
1288 629 1441 672 bellum
1459 645 1549 672 ean-

169 686 264 729 dem
295 686 438 728 urbem
469 686 722 729 aedificatam
754 698 952 730 asserunt.
1274 729 1276 732 ,

285 745 486 787 Praefatae
516 745 737 787 Graiorum
770 745 966 787 Coloniae
999 745 1111 786 fuere
1145 762 1240 800 prae
1271 749 1411 790 ceteris
1461 750 1539 790 Ar·
1554 750 1770 790 D³V⁰'⁹²⁶⁶0¹⁰·

168 804 315 856 cades,
347 803 607 846 AEritreenses
629 836 639 856 ‚
674 804 913 853 Euboicae,
959 803 1246 861 Chalcidenses
1268 839 1280 856 ‚
1339 807 1499 848 Atticae
1521 839 1535 859 ,
1572 787 1748 849 ηειῖἶιιξὲῗὲιῗ

167 866 360 920 aliaeque.
397 865 631 905 Atticorum·
679 874 815 904 autem
866 862 1038 904 Colonia
1091 867 1285 920 temporis
1337 880 1554 921 progressu

173 921 442 975 Chalcidem,
479 921 697 964 AEritream
720 952 735 972 ,
791 921 1028 977 Cumasque
1060 922 1179 964 urbes
1227 939 1349 978 super
1414 923 1554 965 Eubo-

169 996 258 1022 eam
289 981 463 1021 insulam
497 978 710 1030 fundavit3
744 993 848 1035 quae
877 982 1048 1036 quidem
1078 980 1247 1022 Colonia
1265 981 1440 1038 aliquod
1462 992 1557 1037 post

170 1050 334 1094 tempus
366 1037 634 1079 seditionibus
667 1037 868 1078 intestinis
900 1038 1059 1080 foedata
1083 1069 1094 1087 ,
1144 1039 1305 1081 Italiam
1346 1041 1562 1093 adnaviga-

171 1113 215 1139 re
246 1108 384 1138 coacta
418 1107 475 1138 est
506 1094 681 1137 ducibus
714 1096 1007 1150 Megasthene,
1041 1107 1080 1137 et
1115 1098 1323 1154 Hippocle
1366 1097 1436 1153 (ι)
1478 1100 1562 1140 Cu-

272 1322 325 1366 (ι)
354 1319 472 1369 Supra
502 1319 666 1355 diximus
684 1347 695 1364 ‚
724 1318 819 1356 hanc
848 1319 981 1365 urbem
1008 1319 1201 1356 fundatam
1231 1319 1341 1355 fuisse
1368 1333 1385 1355 a
1418 1321 1565 1357 Chalci-

169 1370 369 1413 densibus,
393 1383 487 1419 quae
517 1383 604 1419 gens
633 1383 675 1405 ex
705 1371 855 1412 Euboea
885 1370 1046 1418 profecta
1076 1370 1234 1406 ducibus
1262 1370 1446 1420 Hippoele
1467 1399 1477 1415 ,
1525 1379 1564 1407 et

169 1419 405 1469 Megasthene
433 1432 565 1469 magna
592 1420 733 1467 stipatis
762 1419 960 1459 hominum
989 1427 1143 1455 caterva.
1172 1419 1341 1454 Primum
1371 1421 1475 1457 iuxta
1507 1420 1565 1462 Li-

172 1471 278 1506 vium
303 1470 340 1504 in
368 1467 550 1504 Inarimen
580 1481 805 1514 pervenere:
835 1482 879 1505 en
902 1475 944 1503 ut
972 1481 1013 1504 ex
1043 1470 1121 1518 ipso
1151 1468 1308 1504 habetur
1358 1470 1425 1506 lib.
1460 1470 1562 1508 VIII.

170 1533 202 1556 c.
232 1533 278 1554 22
307 1519 464 1554 Cumani
489 1519 535 1554 ab
564 1518 741 1558 Chalcide
769 1519 939 1555 Euboica
968 1520 1144 1568 originem
1164 1519 1328 1556 trahunt.
1346 1520 1472 1556 Classe
1489 1534 1564 1570 qua

170 1570 317 1605 advecti
341 1569 388 1603 ab
415 1570 524 1605 domo
549 1569 722 1613 fuerant,
748 1571 895 1606 multum
923 1571 958 1604 in
987 1581 1055 1604 ora
1082 1571 1196 1605 maris
1223 1572 1323 1614 eius,
1355 1572 1456 1619 quod
1496 1583 1560 1607 ac-

169 1621 294 1656 colunt
316 1627 483 1667 potnere.
509 1614 636 1654 Primo
661 1621 697 1654 in
726 1620 862 1656 insulas
888 1620 1111 1663 .AE'nariam,
1139 1627 1175 1656 et
1200 1619 1421 1656 Pithecusas
1443 1634 1565 1670 egres-

169 1674 200 1705 si
219 1698 229 1716 ‚
255 1669 392 1706 deinde
417 1671 453 1704 in
480 1672 725 1706 continentem
764 1673 845 1706 ausi
880 1670 985 1705 sedes
1021 1669 1232 1715 transferre.
1267 1670 1323 1705 Ibi
1367 1671 1565 1708 mulierem

171 1723 423 1770 praegnantem
453 1719 468 1767 (
498 1721 552 1756 uti
583 1731 727 1756 narrant
753 1724 766 1767 )
795 1729 829 1756 et
856 1714 1235 1769 'dormientem‘super
1269 1720 1356 1757 litus
1413 1724 1564 1757 invene-

172 1784 234 1812 τες
261 1783 334 1819 quo
361 1769 512 1817 quidem
541 1771 696 1818 augurio
716 1799 725 1814 ,
770 1773 869 1807 ΑΒοιω
895 1778 1000 1818 capto
1043 1772 1168 1806 omine
1192 1798 1201 1815 ,
1251 1770 1456 1807 fertilitatis
1505 1771 1564 1808 liic

174 1828 350 1868 terrarum
379 1820 534 1868 angulus
574 1820 644 1855 fuit
672 1821 890 1857 aestimatus.
919 1821 1019 1855 Nova
1046 1820 1132 1856 hinc
1158 1823 1204 1855 ita
1236 1821 1325 1855 urbs
1356 1832 1407 1857 est
1439 1821 1564 1858 aedifi-

175 1878 275 1915 cata,
306 1883 418 1919 quam
446 1878 480 1904 et
508 1870 643 1905 Cumas
671 1869 807 1915 dixere,
826 1885 844 1906 a
875 1869 1053 1905 vocabulo
1081 1871 1290 1914 Κυμοίομαε,
1318 1871 1467 1906 dormio
1485 1900 1494 1916 ‚
1528 1880 1566 1909 ut

175 1921 323 1957 Servius
340 1917 539 1956 -adno’tav'it
577 1922 613 1955 in
643 1921 782 1957 AEneid.
810 1921 879 1955 ·V1.
913 1934 946 1956 v.
980 1933 992 1954 1
1027 1919 1085 1955 vel
1113 1923 1179 1956 οἰπο
1208 1922 1271 1956 τῶν
1302 1924 1458 1963 κυματῶν
1480 1949 1489 1966 ,
1539 1936 1563 1958 α

160 1970 356 2021 fluetibus,
384 1970 613 2021 Guntig‘uuin·
638 1974 774 2020 quippe
802 1972 891 2006 litus
918 1971 1031 2006 instar
1059 1971 1240 2020 scopulosi
1271 1970 1368 2006 dorsi
1395 1972 1482 2007 mari
1504 1983 1558 2008 est

174 2023 359 2058 obiectum
381 2035 391 2057 .·
422 2024 515 2058 inter
541 2021 640 2071 quod
669 2029 702 2057 et
730 2034 912 2071 proxmam
943 2017 1099 2058 insulam
1118 2021 1311 2063 AEnariam,
1334 2022 1560 2059 immanium

174 2074 355 2109 flnctuum
384 2079 528 2115 motus,
556 2079 591 2107 et
616 2079 810 2109 ventorum
840 2073 1135 2120 impetuosissimi
1166 2073 1273 2107 ssatus
1301 2072 1447 2108 fiebant.

274 2122 322 2156 Ea
351 2136 433 2159 vero
464 2122 565 2170 longa
595 2135 706 2172 pace,
732 2129 766 2157 et
808 2122 975 2158 fortunae
1012 2121 1246 2171 *indulgentia
1284 2121 1439 2158 flonuiizt
1470 2124 1559 2159 hinc

177 2171 307 2207 Strabo
333 2173 397 2209 lib.
430 2174 473 2208 V.
503 2173 638 2221 Geogu
668 2174 884 2222 subiungit:
916 2172 1085 2222 Πρότερον
1115 2175 1187 2220 μηι),
1207 2174 1263 2208 οὖν
1291 2173 1428 2220 ήυτύχει
1454 2188 1461 2209 :
1510 2173 1558 2208 ab

176 2221 280 2257 initio
291 2221 492 2270 'fortunata
505 2222 586 2272 ficit
612 2221 710 2260 urbs.
741 2225 786 2258 At
812 2222 932 2258 nescio
964 2225 1037 2272 ²qui
1064 2224 1197 2259 sinistri
1245 2236 1364 2259 rerum
1407 2232 1557 2259 eventus

177 2271 333 2320 sequiori
363 2281 447 2309 aev'o
475 2271 693 2310 acciderint:
742 2273 919 2323 Campani
959 2274 1057 2309 enim
1100 2273 1208 2310 huius
1254 2274 1413 2309 florentis
1457 2274 1557 2309 urbis

179 2320 322 2358 invidia
339 2325 547 2373 capti,‘eam
595 2323 825 2361 evertendam
851 2329 1080 2367 statuerunt3
1107 2325 1190 2392 aovi
1217 2323 1304 2361 hinc
1341 2324 1437 2361 cives
1482 2325 1553 2362 alio
