1961 2574
449 120 471 159 6

444 179 613 234 angulus
645 190 706 221 tot
745 178 888 221 habuit
918 177 1141 232 dominos,
1173 186 1276 235 quot
1308 188 1421 221 erant
1452 178 1557 221 illius
1594 181 1678 221 aevi
1716 181 1809 221 vici·

445 237 576 278 niores
611 253 690 279 non
711 237 842 279 solum
864 269 878 289 ,
916 253 1059 279 verum
1094 239 1213 279 etiam
1234 237 1393 281 dissitae
1413 239 1603 279 nationes.
1636 237 1805 280 Norunt

442 295 602 336 interim
627 296 776 337 eruditi
792 298 1103 340 vetustissimam
1114 296 1358 352 Campaniae
1379 296 1586 338 historiam
1610 311 1692 336 esse
1710 295 1810 343 adeo

443 354 654 395 confusam
681 386 693 404 ,
727 365 773 395 ut
808 355 1012 413 quidquid
1043 356 1094 398 de
1121 354 1204 413 ipsa
1227 358 1416 412 antiquae
1436 387 1447 408 ‚
1470 369 1726 424 nuperaegue
1745 369 1807 395 ae-

442 414 535 453 tatis
576 414 844 468 praedicarint
890 424 1106 464 auctores,
1147 415 1226 456 sint
1255 416 1390 456 omnia
1430 428 1591 469 prorsus
1641 423 1806 454 incerta.

441 472 519 513 Per
556 486 644 512 eam
680 474 787 529 enim
816 483 1095 530 tempestatem
1118 472 1276 515 Italiam
1313 472 1545 515 incolebant
1567 470 1699 511 adhuc
1718 487 1812 526 gen-

442 540 501 571 tes
533 528 728 571 silvestres
766 530 1071 590 barbaraeque,
1110 546 1156 574 ac
1176 531 1291 573 nobis
1309 531 1545 587 incognitae.
1581 530 1688 571 Hinc
1722 531 1813 585 qui-

443 603 538 629 nam
570 603 732 641 mores,
756 605 957 646 quaenam
989 591 1127 648 religio
1146 622 1162 643 ,
1195 591 1360 632 historia
1377 603 1505 646 usque
1527 588 1650 629 modo
1699 588 1809 630 nulla

443 661 516 687 nos
547 645 768 702 perdocet,
807 664 902 690 cum
938 648 1073 691 nullus
1103 648 1208 691 adsit
1237 661 1406 701 auctor,
1425 647 1495 704 qui
1527 661 1662 687 rerum
1685 646 1807 688 histo-

442 706 620 747 ricarum
654 706 814 747 annales
846 707 1045 752 ad‘seros
1084 706 1296 750 tradiderit
1334 719 1528 762 nepotes;
1564 705 1625 744 vel
1663 706 1694 744 si
1732 705 1812 745 fue-

442 764 523 816 rit,
560 774 722 817 tempus
755 765 854 807 edax
884 768 1023 807 omnia
1061 765 1319 820 surripuerit.

558 820 761 860 Omnium
793 823 947 876 primos
989 822 1255 876 CampanIam
1295 820 1493 862 habitasse
1513 820 1636 862 veluti
1670 819 1812 860 huma-

441 891 516 918 nae
551 877 770 932 voluptatis
824 889 1028 919 certamen
1076 881 1236 929 Oscos,
1279 880 1532 930 Auruncos,
1579 879 1804 929 Ausones,

441 935 642 976 Samnites
662 965 673 985 ,
707 935 894 976 Vmbros
914 967 926 986 ‚
966 936 1212 979 Cimmerios
1232 967 1247 988 ,
1271 936 1587 992 Campanosque
1611 936 1716 991 ipsm
1740 952 1809 992 per

443 993 651 1034 historiam
685 1005 857 1034 constat.
891 994 1039 1036 Strabo
1070 994 1140 1037 lib.
1173 994 1225 1036 V.
1261 994 1408 1049 Geogr'.
1443 993 1494 1034 ab
1527 995 1666 1049 Opicis
1700 995 1812 1034 hahi—

443 1062 570 1092 tatam
603 1051 722 1092 fuisse
752 1067 840 1093 eam
875 1053 1078 1108 regionem
1111 1063 1276 1103 narrat,
1309 1055 1379 1109 qui
1413 1053 1536 1092 iidem
1569 1063 1692 1108 atque
1726 1053 1814 1092 Au-

444 1124 561 1150 sones
608 1109 904 1154 existimantur.
936 1114 1092 1156 Ferunt
1123 1110 1189 1152 alii
1221 1126 1321 1153 cum
1369 1125 1415 1150 ea
1463 1112 1552 1151 loca
1602 1110 1811 1165 quondam

446 1167 598 1224 Opici,
632 1171 902 1228 Ausonesque
934 1171 1187 1221 tenuissent,
1225 1169 1345 1210 fuisse
1377 1183 1424 1209 ea
1455 1168 1603 1212 deinde
1634 1169 1693 1209 ab.
1718 1168 1822 1209 Osca

446 1236 562 1281 gente
594 1238 786 1284 occupata
806 1259 817 1278 ,
849 1243 951 1285 quae
982 1243 1002 1268 a
1035 1228 1232 1271 Cumanis
1264 1229 1379 1284 pulsa
1412 1227 1558 1269 deinde
1576 1227 1682 1278 suit,
1714 1242 1817 1282 quos

447 1299 589 1326 rursus
617 1287 778 1327 Etrusci
810 1288 1044 1329 eiecerunt:
1080 1288 1229 1329 etenim
1264 1301 1358 1327 cum
1407 1286 1627 1329 duodecim
1661 1285 1817 1327 habita·

449 1353 541 1383 rent
572 1343 723 1393 urbes,
761 1361 936 1401 quarum
970 1362 1050 1388 una
1080 1347 1196 1403 quasi
1229 1356 1353 1402 caput
1384 1356 1521 1397 esset,
1558 1359 1603 1385 ea
1637 1344 1687 1385 de
1718 1360 1812 1385 cau-

448 1414 491 1442 sa
525 1401 709 1458 Capuam
754 1416 1059 1461 nuncuparunt.
1110 1405 1218 1447 Cum
1265 1419 1363 1449 vero
1413 1420 1485 1460 per
1528 1403 1733 1445 luxuriam
1767 1402 1820 1444 ad

452 1461 667 1502 mollitiem
715 1479 756 1504 se
788 1462 1046 1506 tradidissent
1064 1496 1076 1515 ,
1115 1463 1315 1508 Samnites
1337 1474 1448 1504 nacta
1469 1463 1680 1504 occasione
1701 1463 1823 1503 Cam-

455 1533 584 1573 panos
614 1520 654 1559 in
688 1522 924 1563 servitutem
955 1523 1171 1565 subiecere.
1203 1523 1312 1569 Hinc
1343 1523 1518 1564 Romani
1541 1522 1681 1562 vicinis
1703 1520 1826 1575 paulo

455 1587 546 1631 post
578 1578 753 1620 subactis
784 1580 969 1634 gentibus
1001 1582 1267 1637 Campaniam
1302 1576 1566 1635 occuparunt.
1597 1578 1745 1620 Iisdem
1769 1579 1824 1619 ita

454 1635 589 1676 verbis
621 1636 744 1678 tradit
773 1637 877 1677 hanc
909 1638 1116 1680 historiam
1150 1638 1355 1693 Polybius.
1392 1638 1497 1678 Vide
1528 1652 1692 1692 quaest),
1716 1648 1817 1692 quot

452 1704 588 1745 gentes
618 1706 706 1735 eam
739 1698 940 1749 regionem
975 1697 1130 1737 diversa
1162 1707 1400 1752 tempestate
1433 1712 1504 1752 per
1522 1697 1662 1737 orbem
1700 1711 1819 1736 occu-

453 1762 616 1805 parunt.
647 1755 741 1796 Vna
773 1768 870 1796 vero
901 1753 1124 1811 eademque
1154 1771 1248 1810 gens
1280 1758 1383 1796 Osca
1418 1754 1482 1813 (1)
1519 1755 1595 1794 fuit
1626 1754 1773 1794 isthaec
1809 1785 1819 1805 ,

560 1976 619 2025 (1)
645 1975 802 2018 Ennius,
829 1983 864 2011 et
890 1975 1038 2011 Verrius
1064 1975 1161 2024 apud
1187 1975 1332 2012 Festum
1362 1974 1407 2009 de
1433 1975 1542 2009 Verb.
1570 1973 1672 2022 Sign.
1701 1975 1823 2019 Oscos,

458 2027 598 2075 Opscos
625 2033 658 2061 ct
685 2026 816 2074 Opiros
830 2024 969 2061 eosdem
998 2025 1107 2060 fuisse
1135 2025 1274 2064 dicunt,
1311 2025 1437 2069 Oscos,
1465 2037 1554 2073 qnos
1580 2025 1745 2068 Asamus,
1775 2028 1826 2060 ait

463 2077 630 2119 Verrius,
661 2076 795 2124 Opscos
822 2083 933 2112 antea
958 2074 1075 2109 dictos
1096 2102 1105 2117 ,
1136 2081 1223 2111 teste
1252 2076 1375 2110 Ennio
1401 2087 1483 2109 cum
1508 2074 1628 2109 dicat:
1651 2077 1700 2116 ,cle
1727 2088 1829 2111 muro

459 2139 535 2161 rem
560 2127 656 2175 gerit
684 2127 833 2174 Opscus.
864 2125 937 2161 Alii
964 2137 1049 2160 vero
1078 2124 1312 2174 distinguunt
1346 2138 1404 2160 eos
1433 2124 1585 2173 populos
1613 2140 1629 2160 a
1672 2127 1787 2161 Gravis
1818 2155 1826 2170 ‚

460 2190 478 2211 a
507 2177 646 2214 Latinis
674 2176 785 2212 Oscos
812 2175 939 2211 dictos.
970 2173 1186 2218 Theodorus
1212 2174 1358 2210 Rickius
1384 2174 1536 2210 Dissdrt.
1562 2174 1608 2209 ‘de
1621 2177 1742 2224 primis
1756 2177 1829 2211 Ita-

460 2226 529 2261 liae
558 2225 682 2262 incolis
710 2225 806 2262 idem
835 2225 971 2261 asserit.
999 2226 1096 2261 Hinc
1124 2224 1233 2260 iidem
1262 2224 1334 2260 duo
1362 2224 1488 2275 populi
1511 2225 1647 2260 cosdem
1670 2227 1825 2261 habuere

460 2288 607 2324 mores,
651 2275 838 2325 linguam,
888 2281 994 2325 atque
1022 2274 1184 2314 domum,
1228 2274 1443 2312 Sanfclicius
1469 2274 1522 2311 De
1549 2275 1652 2326 Orig.
1699 2276 1826 2325 Camp.
