1920 2579
1476 110 1559 155 2135

193 196 244 222 ne
281 179 433 219 Zuuica
467 178 675 221 iuvandae
708 173 885 217 Comite.
918 171 1157 227 Alphonsus
1177 171 1269 214 inde
1290 172 1552 214 Pimentelius

194 239 315 294 paulo
348 248 438 294 post
468 239 773 279 Beneventanus
806 233 954 274 Comes
987 232 1118 272 fontes
1148 232 1347 281 adiunxit,
1372 230 1466 269 hinc
1498 231 1558 271 in-

189 300 239 338 de
271 311 364 336 cum
397 295 607 337 arboribus
640 293 743 335 belle
776 289 995 348 dispositi-s.
1029 289 1097 331 Ad
1128 290 1249 331 huius
1298 289 1426 343 regiae
1475 289 1558 329 viae

189 357 340 395 catcem
370 355 548 409 adsurgit
580 351 814 393 aedificium
847 347 1165 400 semidirutum,
1192 347 1305 405 quod
1325 347 1469 401 vulgus
1494 346 1559 387 fal-

187 428 229 454 so
264 413 439 468 appellat
467 414 658 455 Palazzo
699 410 818 450 della
849 407 1020 464 Regina
1054 407 1304 449 Giovanna.
1338 408 1428 447 Hoc
1464 420 1561 446 con-

188 473 320 512 ditum
354 471 430 512 fuit
461 485 568 513 anno
601 466 1049 513 MCCCCLXXMV.
1081 466 1131 508 ab
1163 466 1380 524 Alphonso
1411 467 1563 520 Aragffi

188 531 276 570 niae
309 532 425 585 Rege.

304 589 371 628 Ad
402 588 573 630 huiusce
605 587 691 629 viae
716 587 874 628 laevam
896 583 1079 641 eNapoli
1104 579 1402 640 prodeuntibus
1423 580 1562 623 adsur-

187 647 243 701 git
274 646 387 687 collis
423 646 691 688 Lautrechius
716 678 728 696 ‚
761 660 884 702 quem
918 643 1131 698 indigenae
1161 651 1358 696 corrupte
1390 642 1562 696 appelli-

187 714 276 744 tant
309 703 553 757 Lotrecco,
586 705 640 746 sic
673 705 831 746 dictum
862 718 883 743 a
915 702 1029 743 Duce
1061 700 1215 743 Odetto
1236 700 1367 740 Fuxio
1390 701 1561 740 Lautre-

188 763 280 803 chio
312 763 432 804 Gallo
456 795 468 814 ‚
502 765 572 819 qui
604 778 711 806 anno
729 760 1034 805 ›MBXXVIIL
1055 757 1271 814 Neapolim
1291 757 1433 797 urbem
1453 772 1563 798 moe«

186 821 263 861 niis
298 822 596 864 circumdatam
627 837 721 864 cum
757 820 933 864 exercitu
985 818 1036 859 ad
1080 814 1561 873 expugnandamw'enit.

190 883 247 919 At
276 894 368 920 cum
403 881 531 936 ipsam
561 896 707 938 capere
738 880 849 921 haud
884 887 1034 933 posset,
1058 876 1357 932 aquaeductum
1390 875 1563 929 aperuit,-

189 937 285 977 inde
317 938 507 988 factum,
541 949 592 980 nt
631 953 758 994 aquae
792 936 976 990 undique
1008 943 1234 989 stagnantes
1257 942 1409 987 pestem
1434 932 1475 971 in
1499 947 1561 972 ca-

187 1003 268 1034 stra
301 995 514 1037 intulerint
546 1010 673 1051 prope
707 995 849 1037 urbem
881 994 1086 1035 obsessam
1117 990 1337 1041 tendentia3
1361 990 1456 1029 hinc
1492 1005 1561 1045 pe-

187 1061 245 1092 ste
275 1051 460 1108 undique
491 1062 693 1109 grassante
723 1067 867 1108 magna
902 1051 1118 1108 copiarum
1149 1064 1240 1105 pars
1258 1062 1351 1088 cum
1374 1048 1461 1102 ipso
1482 1049 1560 1089 Du·

188 1125 234 1150 ce
264 1111 510 1153 Lautrechio
544 1113 621 1154 fuit
651 1113 824 1155 extincta
850 1128 859 1152 ι
894 1111 947 1152 ita
981 1108 1079 1150 urbs
1110 1107 1275 1149 liberata
1308 1105 1359 1145 ab
1381 1105 1562 1148 eiusdem

187 1168 411 1213 obsidione.
444 1170 625 1212 Huiusce
657 1185 804 1228 corpus
835 1180 973 1227 postea
1002 1167 1043 1209 in
1077 1168 1118 1211 S.
1152 1164 1304 1224 Mariae
1324 1163 1464 1209 Novae
1487 1167 1562 1206 Ec-

193 1227 309 1269 clesia
340 1227 422 1268 fuit
454 1229 720 1272 tumulatum.

310 1288 441 1341 Super
472 1287 551 1329 hoe
578 1288 684 1330 colle
715 1300 859 1349 crypta
892 1288 1048 1332 adiacet
1067 1282 1559 1342 vespertilioni:msvuigo
1575 1284 1801 1345 Cryfffiog'ffiw

193 1346 237 1384 la
271 1353 413 1401 grotta
456 1345 576 1404 degli
606 1347 894 1405 Sportiglioni‚
914 1349 955 1389 in
988 1360 1069 1402 qua
1098 1345 1232 1386 iacent
1265 1343 1317 1384 ad
1335 1342 1418 1384 CC.
1437 1357 1565 1397 prope
1754 1337 1765 1346 ¹

192 1402 319 1443 millia
338 1401 580 1446 cadaverum
600 1406 869 1451 conditorum
895 1418 1109 1461 compages
1141 1417 1248 1445 anno
1281 1400 1562 1442 MDCLVIII.

195 1464 292 1515 Quo
327 1470 510 1518 tempore
538 1463 687 1504 accidit
719 1465 906 1506 immanis
936 1464 1001 1504 illa
1033 1463 1154 1518 pestis
1179 1492 1191 1513 ,
1239 1459 1455 1515 Neapolim
1488 1473 1565 1515 pro

194 1522 304 1573 Rege
335 1519 588 1573 gubernabat
619 1521 768 1565 Comes
803 1521 1040 1564 Castrillius.
1066 1519 1199 1562 Causa
1231 1519 1333 1559 tanti
1354 1519 1448 1558 latet
1469 1517 1566 1557 exci-

195 1577 276 1618 dii:
308 1578 440 1635 ,ipsa-m
469 1590 606 1623 tamen
636 1596 684 1622 ex
716 1581 944 1638 Hispanicis
978 1577 1058 1621 oris
1087 1579 1170 1620 huc
1210 1577 1422 1619 advectam
1470 1584 1568 1616 sunt

195 1636 268 1692 qui
300 1637 496 1679 scribunt.
529 1641 607 1684 Per
637 1639 678 1681 id
709 1639 905 1696 temporis
937 1648 1055 1689 0010,
1088 1646 1158 1679 aut
1189 1636 1330 1677 decem
1352 1632 1478 1675 millia
1497 1633 1571 1674 ho-

199 1696 361 1736 minum
392 1710 471 1736 una
505 1696 570 1738 die
601 1708 780 1740 mortem
812 1713 882 1739 sua
914 1698 1013 1740 falce
1044 1695 1255 1738 messuisse
1285 1694 1389 1735 fama
1411 1702 1480 1733 est.
1502 1692 1571 1739 ‘Iu-

197 1761 263 1791 vat
294 1753 382 1792 heic
413 1754 552 1795 audire
576 1756 737 1812 aliquid
769 1770 814 1796 ex
845 1766 1008 1796 auctore
1039 1765 1388 1808 contemporaneo
1408 1782 1418 1802 ‚
1454 1764 1571 1794 nem-.

196 1825 247 1865 pe
279 1809 427 1850 Carolo
460 1810 646 1863 Maiello‚
681 1813 750 1867 qui
785 1812 888 1854 hanc
920 1812 1130 1852 historiam
1163 1810 1339 1852 exaravit
1371 1808 1447 1849 sub
1494 1821 1567 1848 no-

200 1868 338 1909 mine:
371 1869 508 1910 Pestis
541 1868 865 1926 Neapolitanae
896 1870 1129 1923 descriptio
1177 1878 1251 1908 etc.
1304 1866 1418 1921 quod
1466 1880 1572 1921 opus

202 1941 273 1979 ego
306 1941 421 1968 servo
454 1927 539 1967 MS.
572 1928 614 1967 in
649 1927 837 1969 Schaedis
873 1928 985 1971 meis.
1018 1928 1128 1970 Hinc
1161 1925 1218 1966 ita
1244 1926 1389 1967 ‚scribit
1409 1934 1565 1964 auctor:

203 1985 379 2026 Horror
413 1995 507 2026 erat
537 1987 751 2040 inspicere
787 1992 921 2028 eiecta
956 1999 1142 2041 corpora
1172 1988 1296 2026 uncis
1317 1991 1501 2026 attracta
1522 1982 1567 2022 in

198 2044 396 2099 plaustro
428 2046 625 2096 conferta
655 2044 870 2089 interdum
906 2045 1115 2099 spirantia
1150 2043 1295 2083 adhuc
1333 2057 1432 2083 cum
1479 2045 1570 2082 vita

204 2100 455 2145 carentibus
490 2102 767 2157 coniungere.
820 2102 905 2143 His
943 2101 1191 2143 Lautrechii
1218 2101 1376 2141 montis
1412 2113 1571 2154 specus

208 2161 523 2201 subterraneae
538 2162 722 2213 refertae
739 2193 755 2212 ,
793 2162 866 2202 nbi
898 2161 1102 2216 templum
1139 2167 1330 2201 erectum
1376 2159 1453 2200 sub
1494 2174 1572 2200 no·

211 2218 326 2258 mine
357 2217 397 2260 S.
432 2217 581 2267 Maria
608 2219 682 2260 del
711 2220 871 2261 Piamo.
907 2219 1078 2262 Partim
1118 2232 1226 2258 vero
1255 2222 1299 2259 in
1337 2216 1381 2259 S.
1420 2216 1571 2260 Ianua·

210 2276 265 2318 rii
290 2274 558 2319 coemeterio
590 2290 709 2321 extra
750 2282 919 2320 moenia
951 2277 1124 2323 humata
1157 2283 1284 2326 sunt,
1312 2276 1472 2332 partim
1503 2290 1577 2318 νεε

334 2333 381 2376 T.
418 2333 457 2378 I.
1234 2334 1290 2387 35
