1920 2579
139 164 216 212 “bus
248 166 360 210 haud
390 165 607 210 adsenti0r.
637 162 792 207 Plinius
821 161 891 205 lib·
921 162 1034 207 XVI.
1054 175 1087 204 c.
1112 174 1162 218 19
1183 160 1318 218 aperte
1337 117 1506 203 eandeym

134 231 176 269 in
208 229 434 283 Campania
467 226 618 268 statuit.
652 223 839 266 Eandem
871 223 1052 265 creditur
1084 232 1202 263 motti
1235 231 1363 261 terrae
1394 220 1508 262 dese-

132 286 237 327 disse
271 285 496 336 Amantio,
531 295 572 326 et
602 283 753 326 Albino
785 283 897 325 Coss.
929 298 1025 324 cum
1058 281 1141 323 aliis
1157 280 1372 322 duodecim
1388 279 1508 322 Cam·-

135 344 276 399 paniae
305 344 452 400 opidis.
483 345 543 387 Eo
576 359 672 385 vero
704 357 812 383 anno
844 356 928 399 quo
964 343 1180 399 Arpinates
1213 339 1356 381 donati
1390 340 1503 381 fuere

133 404 312 443 Romana
346 404 535 455 civitate,
569 401 790 442 Trebulani
822 403 915 441 item
951 402 1011 442 usi
1045 400 1184 452 fuere,
1235 395 1293 439 nti
1337 409 1506 440 testatur

133 462 275 502 Livius
308 459 376 501 lib·
412 460 468 504 X.
502 475 538 504 c.
574 474 613 501 2·
646 461 862 515 Temporis
895 474 1109 514 progressu
1129 460 1167 498 in
1187 457 1427 500 Hannibalis
1446 471 1505 497 ce·

134 521 231 560 cidit
264 529 501 576 potestatem
524 550 538 569 ,
575 519 644 560 sed
680 519 826 561 Fabius
856 517 1059 559 Maximus
1093 531 1142 559 eo
1173 516 1393 567 debellato,
1427 516 1509 568 opi·

134 578 233 618 (lum
268 593 407 619 rursus
442 578 635 619 Romanis
668 578 857 619 restituit·
891 580 953 618 En
987 587 1033 616 ut
1079 575 1191 616 idem
1240 587 1388 617 auctor
1436 572 1506 614 lib-

133 636 298 678 UIV.
333 652 366 679 e.
410 649 456 677 ιο
490 636 656 691 prodit:
691 638 898 679 Hannibal
911 645 1004 678 tunc
1023 637 1184 677 tenebat
1208 635 1393 692 Capuam
1418 648 1505 675 cum

133 695 315 735 exercitu
343 724 350 733 .
389 725 397 734 .
432 723 441 733 .
479 725 488 734 .
521 695 628 737 circa
661 694 855 750 Capuam
887 704 1130 751 transgresso
1163 692 1311 745 Fabio,
1334 701 1428 750 post
1445 707 1510 733 ex-

130 754 245 807 piata
277 755 434 793 tandem
461 753 683 807 prodigia,
716 755 830 793 ambo
866 755 1058 795 Consules
1073 768 1152 793 rem
1171 754 1376 805 gerebant.
1396 750 1511 791 Com·

129 811 353 865 prclteriam
371 842 381 861 ,
413 820 451 851 et
483 811 694 852 Trebulam
711 841 724 861 ,
745 820 788 852 et
810 812 1054 852 Austiculam
1085 810 1197 852 urbes
1214 826 1316 866 quae
1342 806 1400 851 ad
1411 812 1505 849 Poe.

135 884 229 908 num
260 870 484 917 dejecerant
506 898 518 917 ‚
551 870 695 908 Fabius
725 871 763 909 νὶ
790 869 909 922 cepit.
943 870 1040 920 Quo
1071 881 1165 908 vero
1198 866 1288 909 loco
1323 866 1419 908 urbs
1439 881 1509 906 an—

134 929 245 978 tiqua
276 924 382 976 fuit,
419 935 573 965 restant
605 924 741 964 adhuc
789 934 973 964 veterum
1024 923 1306 966 aedificiorum
1355 924 1506 965 ruinae.

133 981 360 1026 Frontinus
390 980 458 1023 lib.
491 981 542 1022 de
573 979 664 1024 Col.
697 980 803 1021 hanc
836 981 1115 1038 Municipium
1136 981 1259 1023 fuisse
1276 982 1425 1039 prodit.
1445 981 1507 1020 De

135 1051 264 1082 cetera
297 1038 476 1080 eiusdem
508 1040 672 1082 fortuna
705 1040 884 1096 sequiori
914 1055 1036 1092 aevo,
1071 1050 1109 1081 et
1141 1040 1381 1098 peaesertim
1418 1039 1505 1082 Me-

138 1098 205 1141 dio
236 1107 369 1139 tacent
398 1109 596 1139 auctores·
1502 1112 1506 1116 ·

250 1159 402 1198 Parum
435 1157 485 1200 ab
518 1156 676 1200 Calatia
710 1158 787 1200 fuit
820 1156 1101 1215 Compulteria
1124 1158 1286 1209 3adhuc
1319 1159 1506 1200 visuntur

136 1214 247 1258 urbis
281 1227 460 1257 vetustae
490 1215 650 1258 rudera.
685 1220 819 1259 Locus
849 1216 915 1256 hic
946 1218 987 1258 in
1021 1218 1337 1274 praesentiarum
1361 1216 1511 1258 dicitnr

136 1275 180 1315 S.
218 1273 473 1319 Ferdz‘nando
503 1273 553 1316 ab
586 1277 763 1318 Ecclesia
783 1275 914 1317 eidem
940 1275 1080 1318 dicata.
1106 1276 1330 1320 Liviuslib.
1354 1274 1512 1317 XXIII.

133 1348 169 1373 c.
203 1333 256 1374 30
288 1334 409 1374 huius
442 1333 538 1375 facit
588 1336 871 1385 mentionem,
915 1350 1013 1378 cum
1060 1334 1235 1379 Fabium
1283 1335 1512 1379 Maximum

136 1390 262 1447 ipsius
292 1395 541 1447 expugnasse
571 1393 731 1434 moenia
752 1425 765 1444 ,
799 1404 838 1434 et
867 1394 908 1436 vi
940 1395 1090 1451 cepisse
1120 1408 1216 1435 cum
1248 1393 1454 1434 nonnullis
1473 1407 1514 1432 a·

131 1448 196 1490 liis
227 1449 358 1506 opidis
391 1459 538 1492 narrat.
572 1451 838 1507 Vrbe·capta
857 1483 869 1504 ‚
902 1461 941 1494 et
970 1453 1142 1496 moeniis
1175 1451 1390 1493 destructis
1409 1451 1511 1491 mul-

134 1518 225 1548 tum
258 1517 349 1563 post
381 1519 542 1565 tempus
572 1508 833 1553 Hadrianum
864 1510 1162 1567 Imperatorem
1191 1525 1279 1552 eam
1332 1507 1512 1549 reaedifi-

134 1581 240 1606 casse
272 1566 455 1622 quodam
490 1581 538 1608 ex
572 1566 708 1623 lapide
734 1579 910 1610 constat.
944 1569 1009 1614 Ex
1039 1569 1119 1612 alio
1159 1584 1181 1609 a
1227 1567 1407 1609 Pratillio
1456 1565 1506 1607 de

135 1624 213 1663 Via
245 1625 322 1678 Ap.
357 1624 423 1666 lib.
457 1626 528 1668 III.
560 1641 593 1666 c·
625 1630 649 1668 3
684 1628 853 1670 recitato
887 1630 927 1670 in
962 1629 1036 1669 hac
1067 1627 1169 1670 urbe
1200 1627 1321 1668 fuisse
1353 1627 1508 1667 Duum-

137 1682 242 1721 viros
276 1684 611 1739 Quinquenuales
635 1716 647 1735 ,
679 1700 849 1744 eamque
880 1688 922 1729 in
956 1686 1219 1743 Reipublicae
1250 1684 1425 1726 formam
1442 1682 1509 1723 ad·

138 1739 406 1779 ministratam
430 1773 441 1791 ‚
475 1752 513 1783 et
545 1743 834 1797 Augustalium
864 1744 1081 1800 collegium
1127 1745 1279 1795 fuisse,
1326 1744 1430 1784 sicut
1474 1750 1514 1781 et

140 1795 259 1837 Alifis
292 1798 428 1853 liquet.

253 1854 444 1910 Sequitur
476 1858 651 1898 Saticula
673 1889 685 1908 ,
731 1872 841 1900 nunc
872 1860 917 1901 S.
952 1859 1124 1917 Agatha
1177 1857 1397 1902 Gothorum
1417 1890 1428 1912 ‚
1466 1869 1512 1899 ut

137 1923 229 1954 aute
263 1912 469 1956 diximus:
504 1917 603 1956 haec
637 1917 733 1959 urbs
766 1932 884 1973 saepe
914 1933 935 1959 a
969 1920 1090 1961 Livio
1133 1929 1386 1960 memoratur
1436 1917 1512 1958 sub

136 1972 253 2011 variis
289 1972 521 2015 nominibus
559 1975 784 2023 Austicula
805 2006 817 2025 ,
849 1976 915 2017 vel
949 1978 1150 2028 Saticula,
1195 1976 1361 2018 fortasse
1406 1991 1514 2016 ama-

141 2028 362 2070 nuensibus
393 2043 595 2088 corrupto
628 2035 806 2077 nomine.
831 2036 1011 2079 Huiusce
1026 2038 1167 2079 ruinae
1190 2044 1339 2076 restant
1358 2035 1396 2075 in
1418 2051 1516 2091 quo-

139 2087 234 2128 ‹lam
268 2089 499 2130 Tifatorum
534 2091 666 2144 colle,
699 2104 744 2133 ut
776 2093 940 2136 coniicit
973 2095 1161 2137 Cluerius
1193 2093 1282 2134 Ital.
1316 2103 1397 2133 ant.
1450 2093 1518 2136 lib.

140 2145 285 2210 1V3c.
323 2147 346 2188 5
379 2147 492 2188 cuius
527 2149 626 2190 haec
659 2162 754 2192 sunt
787 2153 937 2196 verba:
971 2155 1105 2196 Patet
1135 2167 1194 2194 ex
1214 2149 1362 2193 verbis
1380 2151 1514 2203 Livii,

139 2203 379 2245 Satmulam
399 2206 546 2256 ficisse
577 2209 733 2250 eodem
764 2220 902 2254 tractu
933 2227 1033 2254 cum
1073 2212 1257 2254 Trebula
1292 2212 1368 2251 suh
1407 2211 1517 2263 Τι’]ἀθ

142 2261 193 2303 tis
226 2272 364 2305 monte
384 2295 398 2315 ‚
436 2270 510 2324 qui
532 2268 746 2314 ,terminus
775 2282 868 2315 erat
898 2273 952 2317 ab
986 2271 1071 2316 hac
1099 2279 1226 2355 part?
1261 2269 1372 2311 inter
1389 2274 1511 2317 Cam·

1527 1142 1712 1179 Compulteria.

1566 1849 1689 1877 Saticula.
