1920 2579
1564 183 1591 223 9

331 231 390 275 'At
421 230 610 289 equidem
643 229 827 272 existimo
858 226 1029 268 aliarum
1071 225 1251 283 gentium
1285 223 1440 282 linguas
1487 226 1586 267 citra

217 293 391 334 Romam
435 293 581 346 (cum
631 299 761 331 essent
806 301 947 328 omnes
994 285 1114 327 unius
1164 285 1392 342 corporis)
1444 299 1584 328 omnes

217 353 339 392 fuisse
369 350 525 406 aequali
559 348 682 389 modo
730 351 859 389 Oscae
890 346 1048 400 linguae
1081 344 1246 386 nominc
1298 356 1486 395 vocatas,
1542 357 1581 386 et

219 409 526 466 Campanorum
560 421 788 448 sermonem
820 404 945 448 fuisse
979 405 1175 445 Romanis
1208 404 1306 444 risui
1338 415 1460 460 atquc
1493 405 1583 445 ioco

217 469 309 524 plus
340 467 423 508 aliis
458 467 618 522 speciali
651 465 793 515 modo,
824 476 894 505 aut
925 462 978 504 ob
1010 462 1197 505 locorum
1231 462 1586 514 vicinitatem,aut

211 525 270 568 ob
302 526 386 566 eius
417 526 667 582 poeticarum
702 539 849 565 vocum
880 523 1056 564 formam
1091 533 1213 578 atque
1245 521 1429 563 modum.
1480 523 1583 564 illud

216 599 316 626 vero
364 594 522 625 eertum
573 594 646 634 est,
679 583 884 624 Oscorum
917 582 1095 636 linguam
1128 596 1150 621 a
1182 582 1368 622 Romana
1422 597 1587 637 prorsus

217 643 476 684 differentem
511 658 604 684 esse.
640 642 828 683 Affertur
860 641 1052 695 antiquus
1067 640 1238 680 Titinnii
1257 654 1393 681 versus
1413 672 1422 692 ,
1441 642 1512 696 qui
1533 642 1589 681 sic

218 701 422 742 habetur:
475 703 558 757 Qui
605 706 698 744 Osce
741 710 782 742 et
832 701 882 743 V
878 702 983 743 olsce
1019 702 1292 756 fabulantur:
1347 716 1437 741 nam
1482 700 1592 742 Lati·-

226 776 273 800 ne
311 764 496 801 nesciunt.
531 759 776 800 Theodorus
823 759 992 799 Rickius
1041 758 1092 798 de
1123 759 1265 814 primis
1298 760 1386 799 Ital.
1432 759 1509 800 inc„
1541 760 1596 800 ait

221 819 424 857 Oscorum
458 818 640 871 linguam
676 816 871 858 vocabula
894 847 905 868 ,
936 826 975 856 et
994 815 1245 856 characteres
1280 814 1297 870 (
1338 828 1349 855 1
1388 815 1593 871 Jhabuis-

220 890 290 925 se,
328 875 505 930 quignec
537 876 704 926 Latini,
738 890 812 914 nec
844 874 986 921 Graii,
1021 887 1094 912 nec
1125 873 1301 913 Hebraei
1335 873 1460 914 fuere:
1499 875 1593 916 hinc

220 931 410 972 laudatus
441 941 588 971 auctor
624 930 822 986 quasdam
858 938 1034 970 vetustas
1075 942 1193 969 voces
1225 944 1271 970 ex
1288 932 1493 973 veteribus
1528 949 1592 973 ex-

216 997 374 1044 cerptas
405 989 527 1029 affert
561 989 839 1042 grammaticis
859 1018 872 1038 ,
905 1002 1006 1044 quas
1039 985 1130 1026 heic
1163 987 1393 1029 referendas
1428 1005 1587 1040 censeo,

218 1057 264 1087 ut
300 1045 450 1089 Casnar
481 1061 634 1097 senex,
671 1046 818 1090 Caseus
857 1056 972 1087 vetus
997 1077 1008 1098 ‚
1063 1047 1229 1087 Dalivus
1272 1048 1468 1097 insanus,
1518 1053 1594 1089 Fct-

216 1106 294 1147 mel
324 1120 461 1148 servus
485 1136 496 1156 ‚
520 1107 622 1147 Gela
656 1108 829 1162 pruina,
861 1106 1045 1147 Moesius
1076 1104 1239 1155 Maius,
1261 1105 1444 1147 IlIamers
1473 1110 1597 1157 Mars,

222 1164 511 1206 Medituxticus
548 1179 734 1206 summus
767 1164 1024 1220 magistratus
1044 1195 1055 1215 ,
1089 1166 1249 1206 Mulcta
1267 1180 1396 1222 poena
1417 1198 1428 1215 ‚
1451 1167 1598 1221 Qm'ens

221 1223 460 1277 quiescens,
503 1226 651 1266 Patem
687 1234 871 1279 quatuor
896 1255 909 1274 ‚
958 1222 1121 1279 Pipatio
1161 1223 1315 1265 clamor
1360 1224 1591 1280 plorantis,

220 1281 349 1334 Pitpit
383 1280 624 1338 quidquid,
663 1283 775 1324 Sollo
816 1292 956 1332 totus,
996 1284 1103 1324 Veia
1135 1281 1364 1340 plaustrum
1385 1319 1399 1338 ,
1423 1287 1599 1339 Vngulns

225 1339 436 1382 annulus:
471 1351 511 1381 et
541 1340 652 1397 apud
687 1341 857 1383 Sabinos
890 1344 1053 1398 Ciprum
1080 1340 1238 1383 bonum
1256 1374 1268 1392 ,
1295 1343 1508 1400 Creperum
1528 1344 1602 1384 du-

222 1397 337 1439 bium
359 1431 372 1450 ,
411 1399 525 1442 Curis
556 1400 668 1441 hasta
696 1431 710 1451 ,
749 1405 836 1442 Nar
871 1399 1082 1455 sulphur,
1135 1404 1269 1443 Herna
1319 1417 1410 1443 saxa
1432 1434 1443 1454 ‚
1482 1402 1601 1444 [Vero

225 1457 368 1509 sortis,
406 1459 599 1510 Cuestre,
633 1470 854 1515 quaestor,
892 1460 1024 1501 Theze
1058 1459 1265 1512 Theseus,
1306 1463 1439 1517 Apula
1473 1461 1602 1517 Apol·

221 1516 292 1566 lo,
336 1516 497 1559 Vluxxe
533 1517 733 1575 Vlysses,
767 1517 939 1562 Menrra
981 1518 1392 1571 Minerva,Laucina
1426 1519 1601 1568 Lucina,

223 1573 394 1617 Pultuce
428 1577 571 1617 Pollux
590 1608 600 1628 ‚
626 1581 756 1618 Turan
772 1587 968 1634 tyrannus
986 1607 996 1628 ‚
1017 1576 1198 1634 aliaeque
1217 1577 1454 1619 huiusmodi
1476 1578 1601 1619 Etru-

221 1647 412 1686 scorum,
457 1634 695 1687 Oscorum,
749 1635 1081 1692 Sabinorumque
1133 1650 1249 1677 voces
1296 1637 1339 1677 in
1395 1639 1599 1679 Latiarem

223 1702 451 1733 sermonem
486 1708 622 1734 versae
657 1695 784 1742 fuere.

341 1752 428 1791 Hac
460 1766 554 1791 vero
592 1753 730 1807 lingua
762 1755 859 1796 Osci
891 1752 978 1795 illas
1010 1753 1247 1804 Atellanas,
1281 1754 1438 1795 fabulas
1476 1754 1599 1795 cude-

226 1820 268 1846 re
301 1818 524 1863 coeperunt
555 1808 783 1862 ridiculas,
821 1826 922 1866 quas
954 1814 993 1851 in
1028 1813 1251 1855 comoediis
1274 1823 1413 1867 postea
1452 1814 1600 1868 passim

224 1863 487 1921 usurparuut.
527 1867 602 1909 His
634 1866 740 1915 adde
762 1869 875 1924 quod
907 1869 1018 1926 apud
1051 1883 1139 1911 eam
1169 1880 1331 1926 gentem
1362 1871 1404 1911 in
1428 1871 1597 1928 loquen-

225 1985 1608 2010 mm*-

325 2074 381 2120 (ι)
411 2074 484 2108 Iam
513 2072 576 2109 diu
604 2081 684 2118 est,
715 2086 759 2109 ex
788 2088 861 2124 quo
888 2075 1035 2113 Abellae
1062 2076 1272 2114 eruderatus
1299 2077 1368 2114 fuit
1394 2078 1479 2129 lapis
1508 2093 1606 2115 nunc

230 2124 265 2158 in
295 2123 444 2160 aedibus
469 2123 661 2159 seminarii
688 2124 820 2160 Nolani
849 2135 1012 2175 prostans
1040 2127 1142 2163 Oscis
1170 2129 1358 2164 elementis
1385 2143 1403 2165 a
1440 2131 1602 2167 Remen-

227 2173 325 2210 dinio
351 2173 443 2211 Hist.
473 2174 556 2211 Nol.
587 2181 673 2211 tom.
699 2176 765 2212 111.
796 2189 825 2211 c.
854 2176 918 2213 ult.
945 2176 1088 2218 allatus,
1115 2179 1168 2214 Re
1197 2192 1280 2214 sane
1309 2192 1385 2215 vera
1414 2193 1456 2216 ex
1483 2181 1604 2217 chara-

227 2225 381 2261 cteribus
415 2224 479 2274 qui
521 2233 760 2270 asservantur,
798 2239 852 2263 res
879 2226 985 2276 digua
1014 2229 1093 2266 visu
1121 2239 1198 2266 est:
1229 2243 1312 2266 nam
1353 2231 1493 2280 ipsimet
1521 2240 1605 2268 sunt

225 2275 375 2310 omuino
403 2275 546 2324 ignoti,
576 2285 612 2311 et
638 2276 778 2324 nullam
806 2278 1060 2326 praeseferunt
1082 2279 1222 2319 literam
1243 2307 1253 2324 ‚
1279 2294 1371 2332 quae
1415 2281 1470 2321 vel
1498 2282 1601 2322 latia-

229 2327 254 2360 ri
275 2352 285 2368 ‚
313 2325 368 2362 vel
396 2326 535 2364 Graeco
563 2327 786 2369 conveniunt
815 2328 989 2366 idiomati.

348 2376 396 2430 T.-
455 2376 500 2423 J,
1224 2388 1248 2427 3
