1920 2579
1481 85 1529 124 81

163 161 313 202 grum,
343 141 569 186 lascivienti
598 140 822 184 incolarum
859 145 899 182 in
940 144 1102 182 theatris
1139 139 1445 196 gesticulatione.
1472 160 1535 182 ne-

166 206 377 247 tissimum.
424 206 562 244 fossas
580 232 596 252 ,
632 217 680 243 ac
716 201 857 241 vallum
889 203 1161 255 quadriforme
1213 215 1293 241 non
1324 202 1464 254 procul
1511 219 1536 241 a

169 264 215 304 S.
249 262 396 318 Arpini
422 278 534 317 pago
564 261 799 314 adspicitur,
830 259 939 315 quod
968 261 1112 313 absque
1147 260 1263 299 dubio
1295 261 1382 312 suit
1422 258 1534 300 Atel-

167 324 282 362 lanae
314 321 421 361 urbis
445 324 708 375 pomoerium.
739 317 837 360 Solo
856 319 1144 372 aliquantisper
1165 317 1424 372 supereminet
1444 334 1538 371 qtae«

168 382 301 420 drutus
329 379 395 420 ille
425 379 608 419 tumulus
639 377 691 416 ad
720 379 800 416 duo
849 376 1033 417 milliaria
1071 391 1147 431 per·
1176 391 1320 429 gyrum
1369 380 1538 416 circum-

171 440 324 479 ductus.
359 437 476 488 Quod
507 435 809 483 observes‚nihil
843 444 931 477 est:
969 437 1067 478 adeo
1100 443 1240 475 cuncta
1269 433 1464 484 disiecta,
1499 452 1545 475 ac

172 496 270 536 solo
307 503 494 552 aequata
525 503 656 542 sunt,
686 502 729 533 ut
762 493 896 533 ullum
943 493 1001 534 ibi
1028 493 1266 546 perstitisse
1301 491 1550 543 aedificium

172 553 255 594 vix
281 552 525 602 >crederes,
561 566 622 592 ac
657 551 970 593 minutissimae
1007 551 1187 591 testulae
1219 564 1304 604 per·
1333 563 1446 589 arva
1482 550 1545 590 di-

173 625 385 666 spersae,
442 624 497 650 ac
540 610 805 660 semirutae,
853 609 1070 667 quaedam
1113 608 1360 663 parietinae
1382 637 1394 657 ,
1437 623 1547 665 quas

173 670 330 726 vulgus
364 676 496 708 vocat
526 667 559 706 il
594 669 832 707 castellone
855 668 1003 721 fidem
1033 667 1311 708 adstruerent.

294 728 418 767 Extra
457 723 600 764 urbem
639 734 723 765 erat
753 726 821 765 via
857 726 1067 775 Atellam,
1100 739 1202 780 quae
1233 739 1256 764 a
1301 726 1443 779 Capua
1484 726 1539 765 in-
1561 728 1759 757 Vffifflfflwa-

176 782 348 840 cipiebat
382 797 405 823 a
438 791 554 837 porta
597 796 700 837 quae
733 781 942 838 quondam
979 782 1190 822 Atellana
1226 781 1466 832 dicebatur,
1506 794 1545 823 et

174 843 270 883 hinc
302 841 522 896 Neapolim
563 855 693 894 nsque
724 839 1056 894 protendebatur.
1092 841 1151 880 Ea
1170 852 1267 880 vero
1299 839 1461 880 initium
1483 857 1548 881 su-

173 898 311 940 mebat
345 912 367 936 a
401 897 523 948 loco,
558 895 627 937 ubi
662 911 771 937 nunc
801 905 858 936 est
891 910 1016 953 pagus
1049 896 1093 935 S.
1132 896 1343 945 Mariae,
1381 908 1419 936 et
1455 913 1545 953 pro-

170 956 257 1011 prie
289 953 357 995 ubi
387 954 505 1008 vulgo
542 952 793 1009 fllacerata.
829 952 889 995 Ibi
926 953 1036 994 enim
1074 953 1223 1010 passim
1245 964 1399 994 veteres
1417 954 1545 996 silices

172 1016 295 1055 instar
330 1013 483 1068 Appiae
512 1010 597 1052 viae
635 1011 748 1052 strati
781 1027 852 1069 per
881 1027 1000 1068 agros
1036 1025 1360 1069 quaquaversum
1396 1025 1549 1054 restant

171 1072 340 1122 adhuc;
383 1081 421 1111 et
453 1070 798 1126 praesertimaerper
815 1070 924 1114 vicos
946 1071 1171 1112 Portioum
1192 1102 1207 1120 ,
1247 1080 1285 1111 et
1313 1069 1547 1113 Casalham

171 1130 312 1172 eadem
344 1128 640 1170 extendebatur
658 1160 672 1178 ,
703 1129 774 1170 ubi
810 1144 920 1170 nunc
946 1144 974 1170 a
992 1130 1139 1170 selice.
1156 1129 1265 1169 Hinc
1286 1144 1358 1184 per
1374 1141 1551 1171 castrum

174 1187 378 1232 Airolam
410 1203 531 1244 super
567 1185 762 1230 Clanium
801 1187 976 1230 fluvium
997 1223 1013 1244 ,
1047 1186 1118 1228 ubi
1154 1188 1301 1228 vetusti
1326 1189 1463 1243 pontis
1483 1204 1550 1229 ve·

173 1247 285 1303 stigia
313 1247 582 1291 adservantur
601 1264 614 1286 .-
648 1245 743 1287 inde
772 1261 844 1303 per
863 1257 1042 1290 castrum
1085 1244 1396 1302 Casuppanam
1435 1247 1550 1289 Atel·

168 1305 250 1347 lam
269 1335 284 1356 ,
320 1321 364 1347 ac
398 1304 566 1347 tandem
602 1304 824 1361 Neapolim
849 1320 978 1366 usque
1006 1304 1148 1348 eadem
1170 1303 1489 1362 producebatur.

289 1364 387 1406 Non
418 1367 537 1418 longe
571 1363 621 1404 ab
643 1363 847 1420 descripta
876 1365 1011 1406 Atella
1042 1364 1223 1419 adsnrgit
1259 1365 1409 1405 Aversa
1445 1363 1542 1406 urbs·
1616 1381 1721 1411 Axersav

175 1422 292 1464 haud
324 1423 544 1478 ignobilis,
579 1437 704 1478 quam
735 1422 904 1479 quidam
935 1422 1160 1480 improprie
1181 1423 1366 1463 Atellam
1391 1437 1555 1464 novam

169 1480 440 1536 appellarunt·
475 1478 635 1522 Eadem
664 1490 723 1521 est
753 1480 970 1538 Neapolim
990 1483 1116 1533 inter,
1149 1489 1189 1520 et
1211 1481 1397 1536 Capuam
1420 1481 1459 1521 in
1476 1481 1558 1522 fer-

172 1540 359 1582 tilissima
393 1553 641 1595 camporum
668 1538 834 1594 planitie
866 1541 1038 1596 septimo
1070 1537 1204 1595 lapide
1234 1555 1256 1580 a
1285 1540 1456 1594 Neapoli
1479 1540 1556 1581 cir-

177 1598 290 1639 citer·
326 1599 433 1641 Eam
466 1595 696 1638 aedificasse
733 1596 785 1638 ad
820 1611 952 1640 unum
985 1613 1127 1640 omnes
1152 1597 1368 1653 scriptores
1390 1598 1558 1639 Rainul-

176 1657 308 1712 phum
358 1657 705 1698 Normannorum
744 1656 952 1698 Comitem
997 1671 1105 1699 anno
1146 1655 1293 1696 MXX.
1339 1657 1559 1698 memoriae

180 1712 420 1770 prodidere.
452 1714 561 1753 Hinc
591 1714 823 1769 Apuliensis
855 1727 976 1770 poeta
1011 1715 1157 1757 cecinit
1191 1713 1262 1754 lib·
1298 1713 1328 1753 I.

302 1771 412 1811 Post
445 1784 582 1811 annos
614 1771 779 1827 aliquot
826 1772 1058 1814 Gallorum
1095 1772 1317 1812 exercitus
1352 1773 1500 1812 urbem

303 1827 498 1870 Condidit
532 1828 756 1870 Aversam
792 1829 1040 1885 Bainulplzo
1088 1829 1253 1871 Comite
1287 1837 1408 1870 tutus.

176 1885 234 1928 Et
267 1888 418 1928 Aversa
457 1885 538 1928 fuit
574 1885 683 1927 dicta
703 1916 714 1937 ,
758 1901 805 1927 eo
838 1887 948 1945 quod
978 1887 1186 1944 Neapoli,
1222 1896 1264 1927 et
1293 1884 1459 1943 Capuae
1491 1889 1559 1930 ad-

183 1945 423 1988 versabatur
448 1979 464 2001 ,
500 1955 546 1988 ut
562 1943 703 1986 scribit
721 1943 951 1987 chronicae
977 1946 1169 1988 Cavensis
1187 1954 1340 1986 auctor.
1361 1946 1456 1987 Post
1470 1948 1563 1989 Rai-

178 2004 380 2060 nulphum
404 2035 420 2056 ,
458 2005 529 2060 qui
564 2002 649 2044 fato
682 2001 785 2044 obiit
821 2004 1044 2048 MXLVH.
1079 2015 1124 2046 ut
1177 2013 1314 2044 narrat
1361 2005 1560 2047 Ostiensis

186 2061 257 2105 lib.
288 2063 339 2103 ΙΙ.
372 2077 407 2106 c.
435 2064 494 2116 67
525 2060 591 2102 alii
625 2062 666 2102 in
703 2062 935 2118 principatu
975 2077 1214 2112 successere,
1235 2072 1280 2103 ut
1306 2062 1553 2115 Gulielmus,

183 2120 433 2163 Erimannus
454 2151 471 2173 ,
504 2120 651 2176 aiiique
669 2151 682 2170 ,
714 2130 753 2160 et
792 2135 901 2163 anno
921 2122 1149 2164 MCXXX.
1169 2120 1365 2175 Rogerius
1399 2123 1561 2179 Neapo-

187 2178 335 2221 litanus
367 2178 450 2221 Rex
500 2194 622 2233 regno
663 2191 894 2236 occupato,
935 2181 1103 2224 tandem
1134 2179 1200 2221 illa
1249 2179 1326 2221 fuit
1371 2180 1559 2238 potitus,

184 2251 306 2292 quam
338 2237 378 2278 in
411 2237 623 2289 meliorem
658 2238 840 2289 reddidit
864 2250 1029 2288 statum.

306 2295 353 2342 T·
417 2296 458 2353 I·
1216 2309 1264 2343 12
