1920 2579
1423 100 1466 128 11

142 147 272 189 dicam
296 176 307 195 ‚
340 143 487 201 species
507 175 523 197 ,
559 154 605 186 ut
635 157 781 200 nempe
812 143 887 185 iter
918 159 990 201 per
1021 142 1287 199 Campaniam
1319 105 1505 186 institue7·

145 215 231 255 ret,
263 202 494 258 Nolamque
524 212 677 259 peteret
708 200 872 252 urbem,
901 217 985 260 quo
1014 201 1070 244 tbi
1087 202 1261 257 Augusti
1292 202 1506 259 templum,

144 271 184 305 et
214 261 378 318 Capuae
415 259 664 327 Capitolium
711 270 897 302 sacraret.
944 260 1009 301 En
1055 269 1103 302 ut
1149 260 1369 303 Suetonius
1419 275 1507 302 rem

143 334 308 362 omnem
339 319 465 376 aperit
496 317 538 358 in
572 331 656 359 elus
686 318 767 362 vita
796 331 831 359 e.
865 319 933 370 40.
966 318 1212 376 Peragrata
1244 318 1504 374 Campania,

145 392 244 419 cum
279 376 455 433 Capuae
491 376 773 431 Capitoleum
809 374 1042 432 Nolaeqae
1077 377 1284 431 templum
1316 378 1508 434 Augusti,

144 450 275 491 qaam
313 448 493 476 causam
522 434 802 489 profectionzs
830 433 1170 487 praetenderat,
1209 434 1455 476 dedicasset
1487 465 1500 483 ,

150 492 342 546 Capreas
383 505 430 532 se
462 493 662 541 contulit,
685 492 923 547 praecipue
959 491 1193 532 delectatas
1212 493 1367 543 insula,
1384 492 1505 549 qaod

147 564 232 590 uno
261 563 489 606 parvoque
520 551 643 591 litore
672 550 879 599 adiretur,
914 557 1036 602 septa
1073 548 1291 605 undique,
1321 562 1500 603 prmaerzc-

140 608 244 662 ptis
266 621 503 648 zmmensae
535 608 767 649 altitudi'nzs
802 606 974 661 rupibus
995 636 1007 654 ,
1043 615 1084 646 et
1110 606 1343 660 profando
1347 622 1494 648 marrs.

147 665 259 706 Dum
291 666 330 705 in
363 665 438 705 hac
469 664 627 715 insula,
662 663 931 721 turpibusque
963 673 1119 704 vacaret
1151 664 1219 704 tibi
1212 664 1415 717 ¹dinibus,
1463 680 1513 705 ne.

145 738 165 762 a
200 724 344 778 quovis
375 720 672 778 conspiceretur
704 722 868 763 homine
890 753 904 773 ,
941 721 1141 778 praecepit
1190 733 1233 762 ut
1278 722 1412 763 nullus
1458 723 1508 763 ad

148 780 317 821 insulam
351 780 587 821 accederet:
623 792 663 820 at
694 780 846 821 sactum
878 790 935 819 est
977 790 1022 819 ut
1054 791 1233 830 temere,
1270 794 1319 820 an
1353 796 1399 821 ex
1442 779 1505 820 in-

146 837 301 879 dustria
332 838 506 893 piscator
536 839 703 894 quidam
736 853 818 894 quo
849 847 1005 892 gratum
1040 837 1280 893 Imperatori
1319 839 1505 879 animum

145 895 440 939 demonstraret
460 928 471 948 ,
505 898 655 952 piscem
685 896 820 937 attulit
852 896 874 951 (
904 910 973 950 per
1004 911 1140 951 aspera
1172 895 1334 951 scopula
1371 897 1412 936 iu
1446 897 1507 937 in-

144 953 273 994 sulam
303 963 513 1008 penetrans
546 956 566 1010 )
601 969 775 1010 eumque
808 953 952 994 eodem
981 953 1188 1009 perfricari
1220 954 1347 996 iussit.
1366 954 1431 995 En
1454 965 1499 996 ut

146 1025 261 1066 saepe
292 1010 477 1053 laudatus
508 1023 644 1053 narrat
673 1011 932 1067 Tranquillus
962 1011 1062 1053 ibid.
1097 1011 1316 1052 Piscatori
1347 1014 1425 1070 qai
1436 1013 1493 1054 si·

149 1070 188 1110 hi
222 1078 433 1110 secretum
465 1070 624 1127 agendi
643 1101 656 1118 ‚
678 1069 899 1134 grandem
931 1070 1109 1109 mullum
1134 1069 1411 1123 inopinanter
1439 1080 1503 1111 at-

150 1128 302 1167 tulerat
332 1126 570 1183 perfricari
604 1122 757 1167 eodem
790 1140 915 1181 pzsce
931 1127 1102 1178 faciem
1132 1127 1282 1178 iussit,
1335 1129 1504 1169 territus

151 1185 265 1241 quod
292 1200 329 1226 rs
360 1201 388 1226 a
425 1194 543 1243 tergo
580 1186 748 1226 insulae
772 1199 856 1239 per
875 1199 1052 1239 aspera,
1087 1193 1128 1225 et
1159 1185 1289 1226 devia
1329 1199 1509 1241 erepszs-

147 1252 212 1283 set
243 1243 303 1282 ad
333 1242 684 1290 se.Grat1clarzti
716 1248 856 1284 autem
888 1248 998 1284 inter
1024 1240 1214 1297 poenarrz
1234 1274 1247 1293 ‚
1288 1243 1402 1299 quod
1419 1258 1504 1286 non

149 1309 189 1339 et
220 1301 429 1359 locustam
466 1316 597 1357 quam
625 1301 946 1358 praegrandem
995 1310 1195 1356 ceperat,
1233 1302 1449 1344 obtulzssec
1483 1334 1498 1354 J

158 1359 327 1399 locusta
361 1372 528 1415 quoque
562 1361 754 1400 lacerari
778 1372 828 1399 os
861 1359 952 1399 eius
980 1359 1212 1413 imperavzt.

269 1415 458 1457 Tiberius
489 1426 624 1456 autem
673 1431 719 1456 ex
751 1429 834 1472 quo
878 1417 1054 1470 Capreas
1099 1416 1283 1467 secessit,
1335 1417 1508 1460 insulam

142 1471 396 1524 nobilitasse,
427 1475 596 1529 aurique
626 1474 822 1514 immensa
853 1473 1031 1529 pondera
1075 1473 1303 1529 profudisse
1346 1475 1397 1516 ad
1429 1491 1500 1520 va-

146 1531 298 1572 riorum
331 1530 607 1572 aedificiorum
638 1533 983 1572 constructionem
1014 1532 1155 1573 fertur.
1186 1531 1247 1572 Ibi
1278 1531 1386 1574 enim
1419 1535 1495 1575 vit-

146 1587 202 1628 las
231 1590 320 1631 XII.
353 1587 576 1630 condidisse
604 1590 822 1630 memoriae
865 1589 1001 1645 prodit
1033 1591 1199 1631 Tacitus
1231 1590 1379 1632 Annal.
1428 1591 1501 1634 lib.

148 1646 224 1688 IV.
257 1662 289 1688 c.
322 1648 389 1700 67.
420 1647 512 1688 Sed
539 1657 624 1688 tum
663 1648 853 1688 szerias
877 1647 966 1689 XII.
1003 1649 1200 1689 villarum
1232 1650 1501 1703 nominibus,

148 1713 189 1744 et
223 1707 400 1746 molibus
441 1705 684 1746 insederat:
731 1715 890 1764 quanto
937 1710 1119 1747 intentus
1164 1708 1263 1748 olim
1305 1709 1505 1762 puhlzcas

147 1762 207 1803 ad
238 1777 396 1813 curas,
432 1772 548 1804 tanto
569 1764 783 1804 occultior
815 1768 860 1805 in
897 1765 1030 1806 luxus
1050 1795 1065 1815 ‚
1106 1774 1146 1805 et
1174 1766 1338 1805 malum
1375 1776 1506 1807 onum

145 1821 368 1861 resolutus
403 1821 465 1861 Ex
497 1821 556 1861 his
588 1835 709 1861 unam
746 1823 1003 1871 construxit,
1039 1836 1163 1877 quam
1206 1823 1311 1863 Iovis
1342 1825 1508 1866 nomine

140 1877 339 1919 dedicavit
371 1880 409 1919 in
443 1879 625 1920 orientali
657 1879 807 1920 insulae
840 1879 1121 1934 promontorio
1153 1880 1290 1933 sitam,
1324 1881 1392 1922 ubi
1415 1882 1498 1922 Au-

144 1947 283 1992 gustus
313 1937 455 1978 habuit
487 1935 586 1978 olim
619 1936 789 1978 domum
809 1967 822 1987 ‚
854 1948 1069 1993 posteaque
1103 1936 1293 1979 Tiberius
1326 1938 1506 1994 magnifi-

141 1994 360 2036 centiorem
387 1994 603 2046 -reddidit,
654 1995 851 2036 adiunctis
882 2011 1009 2051 prope
1053 1994 1160 2036 illam
1210 1995 1294 2038 aliis
1345 1995 1506 2038 fabricis

143 2066 237 2093 eum
271 2053 388 2094 horto
421 2068 614 2109 perquam
646 2064 898 2110 sumptuoso.
930 2054 1110 2095 Huiusce
1143 2053 1256 2094 villae
1289 2055 1394 2095 Iovis
1430 2069 1508 2096 me·

148 2110 268 2151 minit
299 2111 514 2153 Sum-mins
544 2111 584 2152 in
617 2112 707 2154 Tib.
741 2127 778 2155 c.
813 2112 878 2153 65.
926 2113 1003 2152 hoc
1051 2112 1203 2153 modo:
1253 2112 1420 2154 Veram
1468 2122 1510 2154 et

147 2182 360 2222 oppressa·
387 2170 674 2211 eoniuratione
708 2169 857 2211 Seiani
893 2172 1028 2213 mhilo
1058 2176 1275 2221 securior,
1308 2180 1381 2211 aut
1401 2184 1505 2212 con·

151 2227 334 2269 stantior·
372 2244 456 2283 pet·
490 2228 564 2270 IX.
594 2233 828 2284 proximos
870 2245 1039 2270 menses
1088 2245 1168 2270 non
1210 2242 1408 2287 egressus
1441 2237 1506 2275 est
