1920 2579
1463 151 1512 193 77

159 205 267 237 textu
303 201 440 235 monte
470 192 546 231 sub
584 190 730 231 aerio:
763 189 875 230 aliter
909 188 994 228 heic
1048 197 1149 227 esset
1194 193 1380 227 Cumana
1401 215 1411 233 ,
1459 196 1520 228 vel

154 253 338 294 Euboica
369 265 468 301 ora,
502 265 603 303 quae
636 263 771 303 reapse
805 258 862 287 est
897 261 1023 302 prope
1056 245 1208 285 Cumas
1240 259 1286 284 ex
1340 258 1379 294 egi
1432 259 1521 298 par—

155 322 192 351 te
216 342 227 362 ,
259 325 361 366 quae
394 309 494 347 hanc
526 307 687 359 respicit
719 305 871 346 urbem.
907 306 966 345 Ita
997 304 1117 344 sentit
1149 303 1329 353 Scottus,
1362 302 1518 342 Disser-

156 379 230 410 taz.
265 365 472 421 Corngraf.
507 364 548 403 di
584 365 786 404 Pozzuoli.

269 426 369 466 Heic
398 432 533 462 autem
568 420 875 477 expendendum
908 421 1100 469 arbitror,
1130 434 1213 476 quo
1247 418 1285 459 in
1317 418 1408 460 loco
1432 418 1472 458 fu

153 485 204 525 rit
235 480 649 536 antiquum-*opithim
682 481 896 521 Misenum.
932 479 1087 518 Omnes
1137 478 1254 533 patrii
1301 479 1518 531 scriptores

153 542 255 581 hanc
286 540 427 581 urbem
460 550 620 594 ponunt
651 553 769 593 super
802 537 1151 592 promontorium,
1187 535 1302 591 quod
1334 534 1520 575 occiden-

154 609 233 640 tem
266 599 450 653 respicit:
484 597 552 636 sed
586 597 664 636 hoc
709 595 953 650 impossibile
999 593 1163 651 quidem
1215 609 1295 633 esse
1345 594 1515 648 potuit,

154 671 246 696 cum
287 655 400 696 locus
432 654 494 694 hic
526 654 669 694 urbem
701 651 1044 708 comprehendere
1092 651 1202 694 haud
1247 661 1382 707 posset
1432 664 1525 706 pro-

153 725 241 769 pter
273 712 449 753 eiusdem
480 711 558 753 loci
590 712 823 752 brevitatem
844 740 856 758 ,
887 726 980 751 cum
1016 725 1133 752 mons
1165 725 1285 765 supra
1320 709 1524 749 mareim-

154 771 338 821 mineat3
372 785 500 824 neque
532 770 618 809 heic
650 769 723 809 nisi
757 782 880 823 pauca
913 767 1055 808 rudera
1089 769 1223 809 adhuc
1266 775 1521 823 supersunt,

156 844 259 884 quae
306 827 414 867 haud
444 827 496 867 ad
529 828 668 867 urbem
703 827 998 882 pertinuerunt.
1029 828 1123 869 Alio
1153 827 1275 880 igitur
1306 825 1395 866 loco
1428 838 1526 864 con-

153 886 323 927 locanda
357 895 414 925 est
445 885 541 925 urbs
573 885 797 924 Misenum:
831 892 872 922 at
902 897 984 938 quo
1015 885 1056 924 in
1088 886 1210 925 loco?
1243 898 1324 924 non
1356 884 1396 923 in
1418 881 1526 933 alio,

157 944 229 983 uisi
263 959 383 996 snpra
415 944 534 983 aliam
569 942 715 982 montis
751 952 902 995 partem
924 973 937 992 ‚
987 957 1089 997 quae
1137 952 1276 982 ortum
1330 941 1527 992 respicit,

152 1001 265 1056 isque
293 1000 405 1041 locus
438 1000 659 1040 hodiedum
692 1014 834 1052 parum
868 998 990 1054 distat
1020 1015 1043 1039 a
1075 1001 1229 1040 ffIonte
1281 999 1329 1037 di
1378 999 1528 1038 Proci-

154 1060 242 1108 da,
288 1069 325 1098 et
360 1057 426 1097 ubi
458 1057 591 1097 adhuc
622 1056 772 1098 dicitur
803 1057 838 1095 il
874 1056 1139 1098 Vescovado
1178 1056 1223 1096 di
1243 1056 1432 1096 Miseno.
1467 1055 1528 1096 Ibi

154 1117 261 1156 enim
294 1115 407 1171 plura
439 1116 690 1170 antiquitatis
722 1113 869 1154 rudera
902 1114 1034 1154 adhuc
1088 1123 1239 1155 restant
1260 1144 1272 1164 ‚
1326 1123 1365 1153 et
1414 1113 1529 1155 locus

150 1175 245 1214 satis
276 1172 432 1228 amplus
463 1173 514 1213 ad
548 1172 690 1212 urbem
722 1171 1007 1216 continendam
1040 1183 1156 1227 aptus
1189 1181 1285 1214 erat.
1329 1171 1528 1225 Quamvis

150 1231 256 1272 enim
289 1232 338 1271 de
373 1231 477 1270 hisce
508 1231 673 1273 vetustis
705 1229 893 1271 aedificiis
926 1230 1027 1271 nihil
1058 1231 1108 1270 sit
1125 1227 1412 1283 colligendum,
1432 1246 1529 1273 cum

155 1291 290 1330 omnia
326 1291 411 1329 heic
446 1299 676 1342 temporum
710 1288 854 1330 iniuria
887 1288 1157 1343 deperierint',
1191 1299 1324 1329 tamen
1373 1287 1526 1329 accola-

153 1362 244 1387 rum
277 1362 317 1387 ea
353 1358 409 1387 est
442 1347 605 1387 traditio
628 1379 638 1398 ‚
674 1359 718 1388 ut
749 1348 907 1388 nonnisi
944 1349 981 1386 iu
1018 1346 1213 1388 hocloco
1246 1347 1341 1387 urbs
1364 1346 1530 1402 antiqua

153 1405 203 1443 sit
235 1406 431 1459 ponenda.
465 1404 526 1444 Cl.
561 1405 720 1455 Iorius‚
753 1405 924 1457 Viaggio
954 1405 994 1443 di
1044 1406 1158 1444 Pozz.
1211 1420 1298 1458 pag.
1359 1408 1430 1444 161
1488 1415 1529 1445 et

152 1476 261 1517 seqq.
300 1473 387 1517 post
420 1461 767 1516 diligentissin'tum
803 1477 966 1502 examen
1001 1461 1129 1501 credit
1162 1462 1249 1501 heic
1269 1462 1410 1502 urbem
1433 1463 1529 1502 fuis-

154 1535 206 1560 se.
240 1523 298 1560 Ex
330 1520 514 1575 pluribus
544 1522 708 1561 vetustis
743 1522 869 1560 ruinis
893 1551 904 1569 ‚
942 1530 980 1560 et
1025 1519 1354 1575 inscriptionibus
1394 1535 1526 1575 reper-

154 1578 234 1626 tis,
266 1593 368 1633 quae
402 1577 451 1617 de
485 1577 593 1617 urbis
627 1579 838 1634 Episcopis
873 1578 1033 1622 faciunt
1059 1579 1179 1620 verba
1208 1610 1218 1630 ‚
1268 1578 1398 1631 arguit
1451 1579 1529 1620 Mi-

151 1650 291 1675 senum
324 1635 467 1679 ,urbem
503 1635 578 1675 hoc
611 1635 651 1676 in
687 1637 775 1678 loco
807 1636 1062 1677 statuendam
1095 1651 1190 1677 esse.
1225 1637 1434 1676 Praetereo
1464 1651 1527 1676 se·

154 1693 414 1748 pulchretum
437 1724 449 1742 ‚
485 1694 598 1749 quod
633 1709 758 1749 prope
791 1695 933 1736 urbem
968 1694 1136 1734 eandem
1170 1694 1338 1744 aderat,
1395 1694 1526 1750 quod*

153 1766 232 1805 que
263 1750 312 1790 ad
345 1752 467 1805 ipsam
502 1752 707 1805 pertinuit.
742 1753 850 1792 Haec
882 1752 977 1792 urbs
1008 1754 1130 1807 igitur
1162 1764 1244 1794 erat
1274 1753 1379 1792 iuter
1412 1754 1522 1808 palu-

153 1809 245 1848 dem
282 1809 542 1849 Acherusiam
564 1839 576 1856 ,
609 1820 647 1848 et
678 1808 921 1850 hodiernum
955 1810 1144 1851 Castrum
1178 1812 1390 1861 Baianum,
1441 1810 1526 1852 vul-

156 1880 205 1920 go
244 1867 430 1908 Castello
466 1867 512 1907 di
538 1867 664 1924 Baja.
827 1874 830 1877 ’

272 1926 387 1966 Haec·
414 1940 507 1966 vero
541 1926 635 1964 urbs
669 1925 796 1981 posita
844 1941 965 1982 super
1013 1940 1231 1967 amoenum
1279 1938 1523 1983 promonto-

152 1983 288 2033 rium,
325 1993 362 2024 et
393 1984 656 2024 commodum
689 1983 838 2025 habens
870 1995 1036 2040 portum
1056 2016 1070 2035 ,
1109 1995 1154 2025 ut
1183 1984 1388 2037 diximus,
1423 2002 1517 2028 cum

150 2041 314 2093 vicinis,
348 2049 386 2081 et
417 2041 561 2081 dissitis
594 2042 762 2083 urbibus
795 2043 1085 2083 commercium
1118 2046 1292 2085 exercuit
1324 2056 1518 2101 opportu-

153 2099 394 2150 nissimum3
429 2099 531 2140 banc
562 2099 617 2141 ob
650 2101 842 2141 rationem
875 2103 958 2157 ipsa
991 2101 1101 2144 brevi
1137 2113 1317 2158 tempore
1365 2104 1517 2147 civium

153 2154 416 2211 frequentiam
449 2157 651 2199 continuit
675 2190 687 2209 ‚
718 2159 855 2215 ibique
887 2161 1058 2202 Romani
1091 2161 1201 2203 villas
1235 2162 1420 2203 habuere.
1469 2163 1515 2204 In

155 2211 259 2254 hanc
292 2215 432 2257 urbem
464 2217 672 2272 quondam
708 2215 920 2260 Coloniam
953 2219 1169 2262 deductam
1202 2226 1283 2262 esse
1318 2222 1444 2277 liquet
1475 2237 1521 2263 ex

1478 434 1514 459 e-
1528 415 1600 443 Vrbs
1615 413 1735 448 antiquai
