1920 2579
1513 87 1572 140 §7

178 158 289 203 villa
326 148 559 201 cli'Portici
591 149 610 210 (
640 149 712 208 qui
743 149 857 192 vicus
888 144 1276 197 amoenissimus,et
1294 141 1419 186 totius
1443 140 1566 187 Cam-

180 219 322 277 paniae
355 213 656 273 pulcherrimus
677 220 752 262 est,
776 218 817 251 et
831 206 986 262 Regum
1007 203 1380 262 Neapolitanorum
1408 201 1461 243 ad
1495 218 1560 244 ru-

177 277 410 320 sticandum
444 281 681 328 opportuna
714 267 828 311 sedes
858 265 880 321 )
914 264 1080 324 quidam
1102 261 1299 321 lapicidae
1315 273 1488 319 puteum
1503 262 1559 303 ef-

181 336 381 377 fodientes
402 364 416 384 ,
454 331 614 387 aliquot
645 327 961 370 Herculanensis
992 322 1107 381 opidi
1155 321 1306 364 rudera
1356 322 1560 362 invenere.

181 398 261 437 Pro
294 402 405 434 certo
436 390 547 431 enim
579 386 729 431 eruditi
762 386 861 428 olim
895 383 1133 433 habebant,
1183 395 1231 423 eo
1264 380 1344 423 loci
1377 379 1564 422 urbema

179 449 424 495 Vesuvianis
456 448 660 504 sepultam
692 444 870 488 flammis
904 443 1210 485 Herculaneum
1246 455 1342 481 esse.
1363 440 1419 481 At
1442 440 1564 479 huius

185 511 297 553 urbis
328 508 491 552 effossio
524 521 573 548 eo
606 505 787 563 incoepit
802 515 988 561 tempore
1007 524 1024 554 ὅ
1062 515 1158 543 cum
1182 499 1383 555 regiarum
1403 496 1566 541 aedium

182 622 1575 648 ,Μὴ-ΜΗ

191 716 290 752 mine
316 713 436 748 locum
461 710 561 747 hune
586 710 778 747 Porticum
806 709 1029 759 appellatum
1059 708 1213 745 audierit
1234 722 1244 745 ι
1287 715 1450 745 recentes
1477 709 1573 746 enim

193 764 298 801 -x-illas
325 763 368 798 ab
396 761 520 809 aliquo
549 767 686 797 vetusto
715 759 864 796 nomine
892 759 1094 795 efformatas
1120 759 1374 806 comperimus,
1396 767 1470 796 uta
1488 760 1575 796 Po!-

195 816 232 849 lii
260 813 343 848 villa
371 812 505 847 factum
533 817 585 846 est
611 810 759 853 Paulo,
790 823 809 845 a
837 808 974 844 Metelli
994 808 1099 843 Meta
1111 807 1208 857 apud
1229 808 1464 856 Surrentum,
1481 809 1576 846 aliis-

190 875 265 912 que
293 861 523 910 perpluribus
548 860 637 896 olim
669 861 706 895 in
736 859 938 908 Campania
965 857 1078 894 Felici
1104 858 1355 894 existentibus.

293 912 390 947 Sunt
417 921 502 945 vero
529 909 598 957 qui
624 917 813 951 asserunt,
842 907 1119 942 Herculaneum
1147 907 1247 942 haud
1265 917 1408 956 portum
1427 909 1577 946 habuis-

195 973 232 997 se
253 972 263 994 τ
291 961 320 995 si
347 959 407 993 hic
433 959 623 1002 extitisset,
651 956 812 1005 profecto
839 955 1026 993 Hannibal
1053 968 1095 992 eo
1121 955 1248 992 fuisset
1262 958 1411 1006 potitus,
1426 972 1500 1008 quo
1518 973 1577 996 ur-

192 1012 275 1047 bem
302 1008 454 1044 haberet
496 1006 741 1050 maritimam3
770 1006 844 1056 ipse
872 1005 971 1042 enirn
1011 1004 1204 1056 Neapolim
1231 1019 1436 1058 expugnare
1478 1009 1579 1045 haud

192 1059 331 1110 potuit,
358 1070 424 1094 nec
464 1057 573 1094 etiam
599 1057 797 1102 Puteolos;
844 1056 980 1107 quibus
1017 1055 1308 1105 respondemus,
1349 1058 1452 1095 facile
1490 1059 1581 1097 Car-

192 1109 460 1158 thaginiensem
486 1108 617 1145 ducem
644 1109 767 1158 potius
795 1105 986 1157 Neapolim
1017 1107 1197 1155 cupivisse
1214 1108 1446 1145 Herculaneo
1471 1123 1573 1159 prae-

190 1159 435 1196 cellentiorem
457 1187 467 1205 ‚
497 1166 532 1196 et
559 1159 781 1208 Campaniae
807 1157 1113 1210 praeclariorem·,
1143 1170 1183 1193 ac
1210 1157 1291 1193 inde
1319 1159 1346 1195 si
1393 1159 1438 1195 ad
1477 1161 1572 1196 Her-

195 1210 424 1246 culanensem
452 1219 598 1260 portum
635 1209 988 1260 adpropinquasset,
1033 1207 1190 1256 profecto
1219 1209 1313 1245 inter
1347 1208 1420 1246 duo
1465 1211 1574 1260 opida

195 1259 347 1296 moeniis
373 1260 565 1298 fortissima
593 1259 750 1311 Capuam
772 1261 930 1303 scilicet,
960 1266 996 1295 et
1021 1258 1213 1308 Neapolim
1234 1265 1345 1295 castra
1391 1261 1577 1308 positurus

196 1320 299 1347 esset.
327 1309 416 1346 Vide
438 1312 548 1362 igitur
576 1311 706 1348 ducem
732 1309 1005 1349 callidissimum
1027 1321 1072 1346 ex
1091 1308 1268 1345 industria
1302 1309 1578 1360 Neapolitanam

197 1362 317 1410 potins
334 1387 344 1405 ,
366 1374 477 1410 quam
503 1361 811 1400 Herculanensem
835 1360 1061 1398 obsidionem
1088 1366 1299 1396 tentantem.

299 1410 356 1447 Ad
383 1411 668 1448 confirmandam
688 1413 802 1462 igitur
827 1412 1038 1463 opinionem
1064 1419 1194 1459 portus
1219 1410 1459 1456 Herculanei,
1503 1412 1576 1449 Pli-

199 1460 332 1496 nianns
359 1460 460 1497 adest
487 1469 605 1499 textus
633 1462 696 1499 lib.
729 1463 793 1500 VI.
820 1476 853 1500 c.
907 1461 950 1497 16
978 1461 1041 1511 qui
1081 1459 1299 1496 mentionem
1325 1461 1408 1497 facit
1422 1463 1578 1499 Retinae

197 1511 486 1547 classiariorum
507 1539 518 1556 ,
547 1524 588 1548 ex
614 1513 751 1562 quibus
782 1512 950 1562 arguitur
970 1539 981 1557 ‚
1009 1510 1076 1547 hos
1103 1509 1268 1546 homines
1299 1517 1398 1548 tutos
1423 1525 1463 1549 ac
1501 1527 1578 1549 ma—

204 1568 329 1597 nentes
355 1561 466 1598 fuisse
493 1562 531 1597 in
560 1576 602 1599 eo
631 1570 737 1612 portu
773 1561 1043 1600 Herculaneum
1093 1574 1178 1610 rope
1201 1588 1212 1604 ,
1260 1561 1323 1596 ubi
1361 1562 1480 1599 classis
1508 1565 1577 1600 Mi-

201 1611 355 1647 senensis
385 1625 464 1661 pars
491 1612 619 1649 aderat
643 1612 687 1648 ad
713 1613 824 1650 Inferi
852 1613 962 1648 maris
988 1617 1065 1648 tute
1081 1624 1163 1654 am,
1191 1610 1254 1660 qui
1269 1612 1420 1648 Vesuvii
1447 1615 1578 1650 montis

204 1661 330 1697 vicinsss
357 1661 512 1698 flammis
540 1662 700 1699 deterriti
723 1691 733 1708 ,
762 1664 832 1700 alio
861 1662 1032 1713 aufugere
1074 1660 1267 1698 studebant
1287 1689 1299 1707 ,
1331 1671 1371 1697 ut
1398 1676 1439 1698 ex
1485 1663 1579 1700 eius»

202 1710 284 1746 dein
315 1709 424 1746 Plinii
452 1713 661 1749 auctoritate
689 1714 770 1750 satis
795 1715 921 1764 liquet.

320 1760 448 1796 Unum
477 1761 556 1797 heic
583 1763 629 1798 ad
656 1760 809 1798 Retinae
836 1761 1109 1810 intelligentiam
1136 1761 1338 1798 afferemus.
1355 1762 1408 1797 Ea
1436 1762 1584 1800 nonnisi

206 1810 324 1858 aliqua
352 1809 438 1845 villa
466 1823 579 1860 prope
604 1812 872 1849 Herculaneum
891 1839 902 1856 ,
930 1810 985 1846 vel
1014 1811 1174 1846 eiusdem
1193 1812 1292 1847 urbis
1311 1825 1392 1861 pars
1406 1825 1479 1849 esse
1501 1813 1583 1863 qui-

206 1860 289 1895 dem
318 1858 484 1897 debebat.
513 1861 670 1897 Vbinam
699 1875 740 1897 ea
766 1863 877 1899 fuerit
895 1888 907 1906 ,
932 1867 967 1896 et
995 1869 1117 1896 utrum
1144 1860 1334 1897 hodiernae
1360 1863 1508 1900 Retinae
1528 1877 1583 1899 re-

205 1908 408 1959 spondeat,
439 1920 475 1946 et
502 1920 625 1947 utrum
655 1913 780 1949 Retina
810 1914 883 1963 ipsa
912 1924 994 1960 pars
1020 1908 1298 1948 Herculanensis
1326 1920 1450 1962 portus
1475 1941 1486 1958 ,
1515 1914 1583 1950 sub

206 1960 325 1996 iudice
354 1960 398 1995 lis
425 1970 493 1996 est.
521 1961 574 1996 Ibi
603 1962 852 2012 quadriremes
878 1962 1027 1999 aderant
1048 1976 1058 1996 .-
1087 1963 1133 1998 ob
1149 1962 1371 2000 Vesuvianas
1391 1964 1584 2015 conflagra—

205 2011 324 2046 tiones
345 2009 446 2047 locus
474 2012 534 2048 hic
573 2011 672 2049 haud
701 2013 862 2064 dignosci
889 2019 1014 2063 potest.
1040 2011 1231 2050 Vndenam
1259 2025 1342 2050 vero
1368 2014 1495 2050 Retina
1523 2028 1585 2050 no—

205 2072 285 2096 men
316 2059 541 2111 desumpsit?
581 2064 741 2108 Quidam
769 2078 813 2101 ex
860 2063 987 2101 nostris
1014 2063 1137 2112 patriis
1175 2063 1409 2113 scriptoribus
1431 2093 1441 2110 ,
1488 2064 1588 2100 Reti-

206 2123 288 2145 nam
317 2109 451 2145 dictam
479 2120 669 2151 autumant
695 2129 714 2151 a
742 2115 893 2153 navium
921 2112 1126 2153 retinaculis
1150 2144 1160 2162 ,
1197 2115 1330 2164 quibus
1357 2114 1436 2151 illae
1464 2113 1587 2164 alliga-

206 2170 263 2194 tae
291 2161 514 2206 retinentur,
541 2176 586 2199 ue
615 2165 785 2203 fluctibus
808 2194 818 2212 ,
847 2172 910 2202 ant
937 2174 1043 2200 vento
1070 2164 1141 2201 huc
1171 2165 1257 2201 illue
1283 2171 1417 2202 temere
1458 2166 1586 2215 impel-

206 2210 348 2266 lantur:
379 2223 440 2247 seu
466 2214 586 2263 potius
613 2217 858 2256 retinaculum
878 2215 976 2254 loeus
1003 2215 1236 2269 intelligitur,
1263 2217 1324 2253 ubi
1353 2218 1493 2268 proprie
1522 2229 1584 2253 na·-

205 2273 306 2297 wnun
334 2262 436 2296 funes
462 2272 659 2306 servantur.

323 2311 369 2354 T.
429 2314 468 2360 I.
1287 2330 1338 2375 14
