1920 2579
1491 120 1572 173 τδρ,

189 192 263 234 alia
297 189 508 247 sepulchra
532 208 543 230 .·
574 186 757 244 primum
793 189 841 230 C.
876 184 1090 229 Calvdntio
1106 181 1466 239 Quieto‚}11tcrum
1492 194 1576 221 non

190 251 335 308 procul
370 249 415 291 G.
448 246 636 290 Munatio
665 248 834 290 Fausto.
869 245 931 286 Ea
963 255 1059 288 sunt
1090 259 1139 286 ex
1170 242 1320 298 topho,
1348 249 1387 280 et
1409 254 1457 281 ex
1476 253 1578 280 mar-2

191 319 352 351 morato
386 321 481 349 curn
508 303 717 347 nonnullis
748 305 903 361 figuris.
937 304 1001 347 Ex
1021 300 1358 359 inscriptionibus
1390 300 1483 340 satis
1500 298 1579 339 cla·

193 369 313 409 rescit
334 400 349 419 ,
387 365 548 407 duobus
578 363 690 406 hisce
721 366 817 406 viris
849 362 1053 407 bisellium
1087 361 1262 412 datum,
1300 373 1448 414 nempe
1481 358 1577 401 sella

193 424 404 483 splendida
437 422 652 482 praeclaris
687 423 781 467 viris
813 422 981 466 concedi
1019 420 1136 465 solita
1161 453 1175 472 ‚
1211 431 1260 461 ut
1289 418 1452 478 publice
1471 420 1510 459 in
1535 435 1578 461 ea

195 484 381 526 sederent
414 484 453 524 in
487 481 623 535 ludis,
655 483 697 524 in
729 484 943 535 Theatro,
981 482 1109 532 Foro,
1146 480 1287 532 Curia,
1314 478 1483 535 aliisque
1501 494 1578 535 pu·

194 543 308 584 blicis
338 541 439 584 locis
471 540 617 583 eodem
650 542 806 598 modo,
841 556 925 598 quo
955 540 1112 583 Romae
1146 538 1243 581 sella
1274 537 1427 580 curulis
1457 537 1581 582 daba-

196 612 277 642 tur.
318 601 397 644 Hic
428 610 566 643 autem
604 599 741 644 honor
774 601 1060 643 Decurionum
1091 597 1259 642 decreto
1290 597 1434 640 iisdem
1457 597 1577 639 datus

192 660 246 702 ob
277 661 443 718 aliquod
478 660 654 702 fortasse
685 659 946 705 beneficium.
995 658 1124 700 Iidem
1163 657 1406 713 Augustales
1455 658 1580 699 etiam

195 728 341 771 erant3
373 729 414 761 at
449 720 515 761 hic
547 718 684 761 honor
719 718 938 775 aliquando
971 717 1091 759 datus
1123 716 1408 769 Coloniarum,
1426 726 1466 757 et
1483 720 1578 758 Mu-

197 776 447 833 nicipiorum
478 778 573 819 viris
606 778 846 834 praecipuis.
885 776 1073 818 Primum
1105 790 1288 819 marmor
1322 775 1372 818 C·
1405 774 1579 819 Calven-

199 836 257 876 tio
292 837 473 892 positum
505 837 585 878 hoc
618 836 746 880 modo
778 845 990 894 repertum
1020 832 1197 892 legitur=

377 929 406 964 C
439 956 448 967 .
478 926 765 964 CALVENTIO
797 954 805 963 .
833 926 1033 971 QUIETO
1062 953 1071 963 .
1101 926 1396 963 AUGUSTALI

363 977 487 1013 HUIC
517 1003 526 1013 .
555 976 620 1012 OB
650 1004 659 1014 .
688 975 1007 1013 MUNIFICENT
1035 1000 1047 1012 .
1074 975 1410 1015 DECURIONUM

270 1026 504 1065 DECRETO
533 1055 541 1065 .
570 1025 638 1064 ΕΤ
668 1054 678 1063 .
705 1027 889 1066 POPULI
918 1054 927 1062 .
958 1026 1222 1064 CONSENSU
1251 1056 1262 1065 .
1292 1024 1504 1066 RISELLII

584 1076 757 1117 ,HONOR
785 1105 796 1119 ,.
822 1076 990 1119 DATUS
1021 1105 1031 1116 .
1059 1077 1154 1116 EST
1179 1104 1196 1122 ,ι

197 1190 328 1247 Supra
361 1189 410 1232 C.
445 1189 625 1234 Munatii
655 1188 797 1233 Fausti
828 1189 1099 1249 sepulchrum·
1125 1188 1206 1234 hoc
1222 1187 1336 1233 aliud
1358 1175 1585 1233 e'fffiflumz

301 1305 331 1342 C
359 1334 369 1344 .
397 1306 632 1347 MUNATIO
660 1338 672 1347 .
697 1307 896 1346 FAUSTO
925 1337 935 1346 .
961 1308 1068 1346 AUG
1097 1336 1106 1346 .
1134 1303 1202 1345 ET
1228 1331 1239 1347 ,
1268 1307 1474 1346 PAGANO

366 1357 450 1394 CUI
480 1386 490 1396 .
519 1359 841 1398 DECURIONES
872 1388 881 1397 .
912 1359 1179 1399 CONSENSU
1206 1385 1217 1398 .
1238 1358 1429 1395 POPULI

241 1407 510 1451 BISELLIUM
542 1439 551 1447 .
579 1411 645 1446 OB
676 1438 684 1446 .
713 1411 907 1448 MERITA
936 1439 946 1450 .
975 1411 1088 1448 EIUS
1118 1438 1127 1447 .
1161 1407 1545 1448 DEGREVERUN‘E

324 1459 425 1496 HOC
453 1488 463 1500 ‚
491 1461 869 1500 MONUMENTUM
897 1487 907 1497 .
935 1460 1230 1499 NAEVOLEIA
1255 1486 1271 1504 ⁴.
1296 1459 1473 1498 TYCHE

698 1510 928 1549 LIBERTIS
959 1540 969 1553 .
998 1511 1109 1549 SUIS

301 1560 723 1610 LIBERTABUSQUE
737 1591 761 1649 I.
791 1562 860 1600 ET
890 1591 900 1600 .
928 1561 997 1650 CC.
1025 1561 1230 1605 MUNATI
1257 1588 1267 1599 .
1301 1559 1484 1600 FAUSTI

202 1722 249 1765 In
281 1720 358 1762 hoc
384 1725 639 1767 columbario
669 1736 854 1783 repertae
881 1725 996 1769 fuere
1027 1725 1221 1768 lucernae
1257 1722 1483 1766 nonnullae
1502 1722 1587 1765 cr‘e'-

202 1789 368 1833 taceae,
401 1794 440 1824 et
472 1784 634 1825 nummi
668 1798 717 1825 ex
748 1790 840 1825 aere
871 1784 914 1824 in
946 1783 1193 1826 cadaverum
1211 1797 1292 1825 ore·
1310 1780 1436 1825 Haud
1452 1796 1589 1838 quem-

201 1838 263 1878 vis
294 1838 398 1883 fallit
426 1840 538 1899 apud
567 1851 725 1885 veteres
764 1842 1000 1884 usuvenisse
1048 1852 1316 1884 mortuorum
1351 1840 1415 1882 ori
1464 1854 1589 1882 num-

200 1911 289 1940 mos
323 1901 537 1956 imponere
557 1932 569 1954 ,
603 1915 685 1959 quo
716 1900 918 1943 Charonti
950 1902 1121 1944 naulum
1157 1899 1374 1943 solverent.
1425 1901 1590 1943 Praeter

201 1956 300 1998 haec
342 1958 510 2002 effossae
541 1959 695 2016 figurae
726 1960 767 2001 in
801 1959 1047 2016 parietibus,
1080 1975 1186 2018 quae
1205 1958 1303 2002 satis
1321 1957 1585 2017 exprimunt,

200 2017 465 2063 Naevoleiam
496 2019 685 2063 Munatio
716 2021 870 2063 Fausto
887 2018 1137 2062 silicernium
1151 2019 1414 2077 propinquis,
1437 2028 1478 2061 et
1493 2018 1591 2062 ami-

200 2074 256 2116 eis
289 2077 455 2120 fecisse:
488 2078 624 2121 adhuc
657 2080 768 2122 enim
798 2078 943 2121 visitur
975 2078 1202 2122 triclinium
1223 2077 1378 2121 affabre
1408 2078 1586 2137 pictum,

203 2149 289 2191 quo
321 2147 547 2182 aeternum
577 2140 680 2181 vale
712 2148 879 2180 mortuo
910 2137 1116 2182 dicebant.

316 2198 442 2240 Haud
482 2200 627 2256 procul
662 2198 715 2240 ab
730 2198 908 2241 Munatii
924 2198 1144 2256 sepulchro
1163 2196 1449 2256 inscriptiones
1468 2211 1591 2253 quae-

201 2254 299 2297 dam
330 2257 568 2302 eruderatae
599 2257 739 2304 fuere:
776 2272 878 2318 quas
918 2259 1026 2303 inter
1057 2258 1157 2303 haec
1176 2257 1406 2302 Nistacidio
1432 2253 1592 2300 Heleule

203 2317 362 2373 positaz
1216 2376 1241 2403 ὑ
