1920 2579
1470 118 1516 145 21

187 160 354 219 aliquod
386 169 597 226 superest,
630 159 743 200 cuius
763 156 923 200 veteres
932 161 1146 218 scriptores
1165 173 1278 214 aegre
1296 119 1551 203 mentionexri

184 222 329 263 fecere.
361 220 447 261 Nos
479 219 599 273 igitur
632 232 680 259 eo
711 232 794 273 quo
838 229 952 259 antea
987 220 1047 261 usi
1093 234 1232 260 sumus
1263 218 1518 276 breviloquio
1545 252 1556 274 ‚

182 281 334 334 patrios
364 279 468 320 Deos
499 291 594 318 cum
625 277 783 332 templis
803 275 1086 320 describendos
1116 276 1365 319 curabimus.

297 338 413 378 Vnus
442 353 463 377 e
494 336 568 375 diis
600 335 823 392 praecipuis
854 351 874 376 a
908 338 1128 379 maioribus
1147 338 1297 385 cultus,
1316 337 1392 378 fuit
1412 336 1538 393 Apol-

182 395 221 434 lo
254 411 273 436 e
303 395 467 436 Graecia
498 394 586 435 heic
619 395 799 436 invectus
832 407 880 434 ex
913 395 1084 437 Abantis
1115 396 1235 436 classe
1256 427 1268 445 ,
1301 407 1346 436 ut
1369 412 1388 437 e
1412 396 1541 436 Statio

185 455 310 510 liquet
339 454 405 495 lib.
440 437 510 495 IV.
545 452 643 495 Silv.
679 469 711 494 c.
748 456 781 495 8.
817 454 998 496 Huiusce
1032 455 1210 496 numinis
1243 455 1440 510 ternplum
1479 470 1549 510 pa·

182 514 247 552 trii
279 525 459 554 auctmes
493 522 653 567 ponunt
676 544 687 562 ,
719 512 787 552 ubi
821 527 932 552 nunc
966 513 1146 568 adsurgit
1167 513 1338 554 Basilica
1358 513 1395 553 S.
1418 513 1549 554 Resti-

185 581 294 613 tutae
325 572 466 612 dicata.
501 573 554 612 Et
587 585 724 626 reapse
757 571 957 623 Celanus,
993 571 1138 613 Giorn.
1172 572 1223 612 ΙΙ.
1257 582 1395 612 narrat
1448 571 1547 612 olim

178 630 219 669 in
255 630 591 687 Metropolitanae
624 630 824 671 Ecclesiae
857 629 1074 671 effossione
1122 630 1379 671 eruderatam
1431 630 1552 672 fuisse

183 688 339 744 antiqui
375 688 594 745 pavimenti
626 687 1013 744 partem-Apollinis
1047 690 1185 743 templi
1234 705 1358 745 opere
1402 690 1552 732 vermi-

182 747 319 787 culato
341 778 354 797 ,
392 758 510 802 atque
545 762 709 788 murum
742 761 862 801 opere
894 746 1084 788 lateritio.
1118 747 1258 788 Plures
1306 763 1351 788 ex
1401 750 1550 790 colum-

184 807 246 845 nis
267 806 286 855 ,'
318 820 421 860 quae
456 805 677 846 hodiedum
712 815 820 845 recto
867 805 1014 845 ordine
1063 804 1314 847 extolluntur
1362 806 1403 845 in
1456 807 1554 848 aede

189 867 222 906 S.
256 864 509 915 Restitutae,
543 874 638 905 sunt
670 878 736 903 eae
768 864 875 918 ipsae
895 894 906 912 ,
937 878 1041 919 quae
1073 865 1152 905 iam
1186 863 1386 920 Apollinis
1404 865 1552 907 conde-

188 921 381 964 coi-abant
413 923 625 977 templum.
661 921 744 963 Vbi
778 935 875 963 vero
911 936 1019 961 nunc
1051 922 1232 976 adsurgit
1265 924 1433 964 recentis
1479 926 1554 967 Ca-

190 979 381 1020 thedralis
414 981 616 1021 Ecclesiae
648 994 715 1020 ara
749 979 925 1019 maxima
948 1009 960 1028 ‚
992 979 1070 1019 fuit
1100 980 1199 1020 olim
1233 980 1319 1035 ipsa
1350 981 1553 1037 Apollinis

186 1037 294 1079 cella.
330 1039 425 1091 Quo
460 1048 642 1093 tempore
672 1037 969 1092 Neapolitanus
1002 1037 1292 1092 Archipraesul
1318 1070 1331 1089 ‚
1381 1049 1419 1079 et
1458 1040 1555 1081 Car-

186 1095 330 1137 dinalis
364 1097 623 1151 pignatetlius
655 1111 800 1152 nempe
832 1110 938 1136 anno
972 1095 1362 1139 MDCLXXXVII·
1383 1097 1485 1138 dum
1504 1115 1556 1140 se-

188 1153 405 1211 pulchrum
439 1154 572 1196 adhuc
602 1156 741 1199 vivens
774 1154 848 1196 sibi
883 1154 1089 1212 parabat(
1123 1155 1235 1211 quod
1270 1170 1379 1197 nunc
1412 1157 1557 1198 visitur

189 1228 282 1255 cnm
318 1213 497 1254 eiusdem
530 1214 661 1269 effigie
691 1215 731 1254 in
766 1215 886 1255 latere
917 1215 1042 1269 ipsius
1075 1213 1276 1256 Ecclesiae
1325 1232 1345 1256 e
1392 1215 1556 1257 dextera

183 1274 342 1328 regione
375 1272 539 1329 Chori)
576 1273 742 1315 vetustis
774 1273 815 1314 in
869 1274 1075 1331 parietinis
1106 1273 1378 1316 subterraneis
1426 1291 1558 1331 reper-

186 1342 226 1371 ta
258 1347 347 1389 pars
381 1332 459 1372 fuit
491 1332 647 1388 antiqui
681 1333 900 1387 pavimenti
935 1347 981 1375 ex
1011 1332 1103 1374 albo
1153 1348 1358 1375 marmore
1381 1367 1392 1385 ,
1443 1333 1557 1390 quod

185 1390 292 1431 idem
330 1392 608 1446 pavimentum
643 1392 693 1432 ad
723 1390 924 1447 Apollinis
959 1391 1159 1447 templum
1192 1394 1434 1449 pertinuisse
1475 1408 1558 1433 cre-

184 1449 311 1492 ditur.
343 1449 388 1489 In
423 1449 591 1490 Sanctae
610 1449 833 1494 Restitutae
866 1465 962 1492 vero
995 1451 1148 1506 templo
1166 1461 1323 1505 praeter
1345 1450 1557 1493 columnas

184 1519 429 1550 memoratas
450 1542 461 1561 ,
495 1520 677 1553 servatur
710 1509 843 1550 adhuc
877 1508 954 1550 sub
990 1524 1058 1549 ara
1091 1509 1265 1549 maxima
1284 1509 1463 1550 eiusdem
1485 1510 1559 1549 Ba-

188 1566 319 1608 silicae
353 1584 448 1625 pyra
481 1566 531 1608 ad
574 1583 783 1609 sacrorum
817 1582 937 1611 usum
973 1567 1184 1619 adhibita,
1219 1578 1396 1624 quatuor
1430 1583 1553 1622 angu-

185 1626 233 1666 lis
270 1626 426 1667 leonina
463 1626 561 1667 facie
578 1627 779 1668 suffulta:
819 1627 919 1666 haec
954 1625 1178 1666 hodiedum
1216 1626 1266 1666 ad
1302 1628 1446 1667 Missae
1489 1627 1554 1667 Sa-

187 1685 385 1726 crificium
422 1685 620 1736 inservit,
658 1701 740 1742 quo
783 1684 823 1724 in
855 1685 948 1726 loco
984 1694 1168 1727 servatur
1208 1685 1247 1725 S·
1276 1685 1435 1726 Ioannis
1456 1687 1555 1742 Epi-

188 1744 298 1794 scopi
338 1745 594 1796 Neapolitani
632 1759 810 1799 corpus,
851 1745 921 1799 qui
973 1744 1012 1783 iu
1054 1744 1129 1784 hac
1166 1745 1266 1787 urbe
1308 1744 1410 1784 sedit
1446 1759 1553 1786 anno

186 1799 584 1841 DCCCXXXVIII.

304 1860 418 1898 Alter
455 1860 561 1900 Deus
597 1873 720 1913 quem
755 1858 1007 1913 Neapolitani
1046 1859 1179 1899 studio
1197 1863 1509 1918 suntpiosecuti
1532 1894 1545 1912 ,

190 1915 266 1956 suit
300 1916 418 1957 Helio
460 1917 568 1958 idem
599 1934 644 1957 ac
677 1916 755 1959 Sol
788 1917 867 1956 Hie
902 1915 1024 1958 barba
1062 1919 1437 1973 repraesentabatur
1462 1936 1551 1976 pro-

188 1973 296 2024 lixa,
334 1976 594 2033 humanaque
631 1976 757 2027 facie,
786 1974 855 2015 sed
901 1975 1059 2016 taurino
1091 1990 1290 2032 corpore,
1334 1989 1377 2017 ut
1413 1994 1432 2018 e
1469 1982 1553 2034 plu

188 2034 298 2074 rimis
344 2035 521 2076 nummis
551 2036 779 2088 argenteis,
820 2035 1025 2091 aereisque
1061 2034 1199 2075 videre
1241 2046 1311 2076 est.
1354 2036 1550 2092 Cupacius

187 2092 292 2135 Hist.
330 2092 499 2145 Neapol.
534 2093 603 2135 lib.
643 2093 671 2132 l.
711 2108 743 2132 c.
792 2101 839 2143 14
877 2093 1082 2135 Graecum
1122 2094 1260 2134 recitat
1289 2093 1480 2151 lapidem,
1505 2113 1551 2138 ex

188 2166 271 2205 quo
309 2152 504 2211 Aquilam
541 2153 746 2208 quendam
780 2152 940 2194 nomine
971 2155 1142 2197 civitatis
1166 2151 1348 2201 Δηααρχον
1371 2155 1546 2204 huicne-

189 2209 289 2253 mini
324 2213 477 2256 vovisse
506 2223 674 2253 constat.

303 2269 470 2315 Adhaec
501 2271 730 2329 Serapidem
764 2271 1019 2329 Neapolitani
1052 2271 1126 2316 sub
1162 2271 1309 2314 bovina
1341 2274 1459 2315 etiam
1500 2274 1550 2315 fa-

310 2332 353 2373 T.
384 2348 426 2392 J.
1059 2369 1062 2372 .
1260 2345 1312 2386 29

1606 338 1625 365 Δ
1631 337 1710 373 polle.

1626 1872 1712 1901 flebo.

1616 2280 1646 2304 §e
1662 2280 1725 2313 apin.
