1920 2579
360 159 446 204 cuti
479 166 650 214 apparet
685 173 732 198 ex
769 156 897 199 ruinis
920 188 932 206 ‚
969 155 1090 214 idque
1122 157 1306 201 inserviit
1341 157 1390 201 ad
1418 157 1529 200 urbis
1571 173 1748 216 pomoe-

361 222 508 269 rium,
544 217 601 258 uti
638 216 748 258 fama
784 228 861 257 est.
899 218 991 258 Hoc
1023 218 1146 259 fuisse
1184 234 1206 259 a
1239 218 1436 260 Cumanis
1454 217 1628 259 fortasse
1647 232 1754 261 con-

363 276 497 318 ditum
530 277 591 318 vel
630 274 680 316 ad
714 275 859 316 urbem
897 273 1093 317 tuendam
1147 278 1187 317 in
1221 278 1325 319 arcis
1363 277 1570 325 formam,
1615 288 1659 317 ut
1702 292 1753 318 ex

362 335 549 377 eiusdem
581 333 662 374 situ
703 334 810 374 inter
848 333 948 375 duos
990 336 1114 376 colles
1153 334 1289 377 videre
1324 346 1409 384 est,
1455 351 1505 376 ne
1556 334 1753 376 hostibus

362 403 553 451 pateret,
594 392 627 432 si
663 392 822 435 bellum
851 391 1017 449 aliquod
1051 394 1295 449 ingrueret,
1342 395 1407 436 vel
1448 393 1581 449 potius
1608 408 1757 437 muro-

366 468 462 493 rum
495 451 671 492 ambitus
705 461 867 507 partem
896 451 1019 493 fuisse
1056 453 1278 494 verisimile
1315 462 1388 494 est.

484 508 612 551 Aliud
646 510 877 553 aedificium
914 509 1022 567 quod
1048 508 1261 566 adsurgit,
1304 511 1507 567 Giganlis
1540 511 1670 565 vulgo
1690 507 1753 549 di-

369 568 480 612 citur
519 569 755 625 templum,
787 567 897 625 quod
929 569 1037 610 Iovis
1073 584 1156 610 esse
1190 567 1401 619 creditur,
1463 578 1504 609 et
1555 567 1754 624 Gigantis

369 625 670 684 compellatum
699 642 719 667 a
755 627 947 669 0010550ἰί
979 636 1108 667 statua
1128 626 1278 668 ibidem
1303 636 1476 683 reperta,
1500 641 1603 692 quae
1628 641 1758 683 quon-

371 683 467 725 dam
501 685 696 724 translata
732 685 782 726 ad
820 685 988 738 Regium
1019 685 1340 741 Neapolitanum
1366 685 1616 740 praetorium
1639 700 1759 726 exor-

374 740 559 784 nandum
590 743 789 785 inserviit:
825 758 936 784 nunc
972 742 1153 784 eiusdem
1208 753 1331 800 ciput
1381 752 1492 784 extat
1539 758 1582 784 in
1631 744 1765 800 Regio

374 804 524 842 Museo
563 801 779 843 Borbonio.
815 801 1038 857 Templum
1076 801 1156 844 hoc
1192 801 1416 843 rotundum
1452 801 1561 851 fuit,
1617 811 1661 842 ut
1716 816 1765 842 ex

372 865 447 901 ara
473 874 578 913 quae
613 869 737 901 restat
767 858 901 901 adhue
940 859 1076 902 videre
1109 861 1258 917 cuique
1306 861 1415 903 licet.
1454 858 1617 901 Adsunt
1659 874 1762 901 vero

377 918 603 959 immensae
635 933 759 971 super
797 920 917 959 litore
956 919 1149 960 ruderum
1172 921 1394 976 reliqui-ie,
1438 931 1477 959 ut
1513 918 1757 972 domorum,

375 977 568 1027 viarum,
609 985 730 1034 atque
768 976 1052 1018 aeiificiorum
1086 995 1183 1020 eum
1218 979 1479 1033 publicorum
1505 1008 1517 1026 ‚
1560 987 1647 1018 tum
1682 977 1767 1033 p'ri-

369 1046 585 1084 vatorum,
626 1046 667 1076 et
707 1036 926 1092 praecipue
969 1037 1008 1077 in
1049 1037 1158 1093 agris
1196 1039 1306 1092 plura
1350 1036 1613 1092 sepulchieta
1664 1051 1762 1091 cum
1810 1082 1817 1084 ξ

371 1092 601 1134 eruieratis
637 1093 856 1149 lapidibus.
902 1096 1114 1136 Praetereo
1150 1095 1354 1152 Apollinis
1412 1096 1616 1159 templum
1671 1103 1766 1135 ante

370 1161 686 1201 memoratum,
724 1151 917 1208 quodque
953 1168 973 1192 a
1012 1153 1253 1210 longinquis
1276 1185 1306 1202 ,
1325 1155 1553 1209 exterisque
1585 1154 1664 1193 oris
1697 1151 1764 1191 ad

371 1225 476 1253 vena
509 1209 558 1250 ad
592 1210 816 1252 colendum
856 1210 1058 1251 veniebat.
1097 1212 1370 1256 Sanna‘zarius
1416 1211 1519 1252 fiens
1574 1211 1621 1253 de
1671 1210 1762 1268 ipso

373 1269 533 1325 templo
569 1270 723 1311 cecinit
753 1269 826 1311 lib.
856 1268 906 1309 ΙΙ.
943 1271 1060 1327 Eleg.
1101 1285 1122 1322 9

432 1385 708 1442 Longinquis
746 1401 829 1440 quo
862 1401 997 1440 saepe
1034 1389 1189 1439 hospes
1217 1389 1485 1441 properabat
1526 1388 1579 1426 ab
1618 1391 1737 1437 oris,

499 1444 550 1487 V
547 1445 689 1486 isums
729 1445 947 1501 tripodas,
985 1447 1112 1486 Delie
1146 1460 1335 1503 magne,
1377 1455 1486 1485 tuos.

375 1563 500 1602 Anno
540 1577 638 1604 vero
670 1561 869 1603 MDCVI.
914 1561 1111 1603 effossum
1146 1563 1223 1603 fuit
1280 1563 1403 1603 etiam
1460 1561 1603 1602 Cumis
1658 1570 1761 1601 tem-

375 1621 492 1677 plum
531 1637 550 1661 a
590 1619 800 1662 Cardinali
852 1623 1064 1677 Aquaviva
1120 1620 1396 1676 Neapolitano
1446 1620 1765 1676 Areliipraesule

378 1679 525 1719 ordine
557 1678 780 1720 Corinthio
808 1711 819 1729 ‚
858 1690 898 1720 et
933 1694 1136 1720 marmore
1177 1687 1388 1728 stratum,
1422 1678 1528 1734 quod
1548 1694 1597 1719 ao
1621 1679 1770 1734 Agrip-

378 1752 431 1794 pa
473 1741 658 1790 Augusto
694 1737 877 1779 dicatum
920 1737 1092 1779 videtur.
1132 1737 1274 1778 Plures
1313 1752 1360 1778 eo
1396 1746 1581 1794 tempore
1615 1747 1770 1777 statuae

380 1804 521 1837 erutae
545 1827 555 1843 ‚
593 1806 634 1836 et
665 1796 888 1852 Neapolim
926 1795 1121 1839 advectae
1150 1795 1276 1836 fuere.

506 1856 640 1906 Prope
673 1854 853 1906 Cumas,
891 1856 955 1898 vel
989 1855 1156 1896 fortasse
1192 1855 1296 1896 intra
1334 1854 1372 1909 ip
1367 1869 1440 1895 sos
1473 1863 1655 1895 vetustos
1677 1869 1772 1894 mu-

383 1928 543 1955 rorum
562 1913 739 1954 ambitus
776 1913 852 1955 fuit
882 1913 1282 1970 Amphitheatrum:
1319 1912 1396 1954 hoc
1447 1929 1555 1954 nune
1614 1923 1770 1976 tempo-

387 1973 441 2013 ris
498 1981 703 2012 terrarum
761 1973 1069 2028 aggestionibus
1126 1973 1226 2014 adeo
1261 1973 1460 2026 repletum
1500 1982 1590 2024 est,
1631 1982 1671 2010 ut
1708 1986 1773 2011 vix

386 2029 568 2071 eiusdem
599 2046 790 2096 suprema
829 2046 923 2088 pars
957 2030 1156 2073 videatur.
1192 2032 1320 2071 Miror
1364 2030 1531 2070 inmrim
1569 2034 1705 2084 ipsum
1749 2045 1770 2069 a

386 2089 598 2134 nonnullis
638 2089 794 2146 patriae
831 2090 1098 2147 scriptoribus
1134 2089 1234 2130 falso
1267 2088 1438 2129 Circum
1469 2089 1655 2129 auditum
1689 2089 1771 2129 Cu·

390 2163 586 2187 manum:
638 2163 781 2189 verum
818 2150 1025 2205 exipsius
1061 2158 1266 2191 structura
1327 2146 1405 2190 hoe
1459 2147 1620 2187 nonnisi
1667 2146 1770 2186 Am-

391 2204 673 2261 phitheatrum
708 2207 830 2248 fuisse
865 2211 960 2250 satis
997 2210 1275 2262 cognoscitur

512 2265 690 2304 Cumani
724 2266 824 2306 olim
857 2266 1023 2321 insuper
1057 2266 1120 2306 13171
1110 2282 1167 2306 re
1226 2279 1274 2318 pr
1259 2263 1423 2304 mclii-i
1471 2265 1574 2304 vasis
1630 2262 1769 2305 fictili-

393 2321 470 2365 bus
509 2321 795 2365 elaborandis:
834 2339 930 2367 nam
969 2326 1076 2367 sicut
1112 2322 1389 2365 Pithecusanis
1439 2335 1553 2365 erant
1606 2321 1772 2379 propin-
