1920 2579
355 125 404 153 12

350 121 485 211 r0r4em
519 168 768 227 Iphigeniam
799 169 841 210 in
872 165 1050 212 Tauri'de
1074 197 1090 221 ,-
1134 179 1174 211 et
1217 166 1403 211 Thes'eus.
1434 168 1717 227 Ippodamiam

345 229 531 286 Pyrithoi
565 243 734 271 uxorem
764 228 988 271 liberantes.
1010 228 1056 269 ln
1076 229 1151 270 alia
1180 228 1402 285 adspicitur
1419 228 1614 271 Alcmena
1629 245 1716 278 ma·-⁴

343 289 451 328 xime
481 287 625 344 agitata
644 319 669 338 ,,
695 288 797 329 dum
830 303 850 328 e
881 288 997 328 coelo
1027 288 1183 343 Iupiter
1216 288 1350 329 herois
1381 297 1489 341 gesta
1541 302 1710 346 prospe-

344 357 439 390 ctat.
473 349 587 389 Aliae
617 347 802 403 depictae
833 345 1096 387 adservantur
1129 345 1286 388 tabulae
1312 346 1353 386 in
1394 345 1523 400 Regio
1566 349 1714 389 Museo

342 405 397 446 adr
428 406 649 446 nonnullos
679 405 777 446 alios
806 404 1058 460 antiquitatis
1090 405 1278 446 homines
1297 404 1555 460 pertinente53
1579 415 1618 446 et
1637 406 1714 448 hac

339 463 508 519 quidem
549 465 667 509 variis
707 463 852 507 formis
886 462 1111 506 elaboratae
1143 464 1301 505 diversa
1338 463 1552 504 continent
1593 478 1712 520 argu*

335 533 484 563 menta.
534 522 703 572 Adheec
755 522 918 564 illarum
970 523 1188 580 pleraeque
1232 521 1448 572 marium,
1494 520 1707 575 litorum,

333 595 606 638 agrorumque
641 591 907 639 prospectus,
943 582 1026 622 sive
1065 580 1180 638 quod
1236 581 1287 621 ad
1325 590 1502 621 veterem
1539 581 1713 623 archite—

333 651 527 692 cturam,
566 641 649 682 sive
687 639 800 697 quod
828 639 878 680 ad
914 639 1010 681 alias
1051 656 1113 682 res
1165 639 1347 681 curiosas
1371 668 1383 689 ,
1434 639 1708 696 antiquosque

333 713 467 741 mores
497 701 665 750 attinet,
693 698 929 740 continent·
967 698 1083 751 Quae
1124 698 1279 751 singula
1309 697 1392 735 huc
1412 711 1540 751 usque
1556 696 1708 739 descri-

333 767 402 810 pta
441 757 600 798 infinita
635 771 766 812 prope
799 765 895 796 sunt
917 785 928 805 ‚
969 770 1094 811 eaque
1122 756 1408 809 cuiuscunque
1446 754 1579 794 Musei
1605 754 1706 796 cele·

323 815 544 867 britatem‚
571 825 610 856 et
645 812 990 869 magnificentiam
1019 822 1226 869 superant.
1267 812 1360 854 Alia
1391 812 1509 868 plura
1545 813 1706 854 lectoris

324 873 378 915 ob
412 875 552 916 oculos
585 873 885 930 proposuissem
910 903 924 923 ,
962 871 995 912 si
1026 873 1285 927 singulorum
1321 871 1596 912 meminissem
1618 886 1703 913 mo·

324 943 621 974 numentorum
641 963 653 982 ,
688 941 727 972 et
761 930 998 986 praesertim
1031 928 1350 971 Herculanensis
1376 927 1636 971 Collectionis
1672 944 1698 970 a*

322 992 418 1033 viris
444 990 614 1032 eruditis
642 988 901 1031 elucubratae
918 1019 930 1040 ‚
962 1002 1066 1046 quae
1089 987 1275 1046 pluribus
1292 985 1443 1028 abhinc
1466 987 1582 1028 annis
1601 987 1706 1034 Nea÷

274 1107 291 1119 ι,
326 1049 409 1109 poli
441 1051 549 1108 typis
580 1048 712 1103 Regiis
749 1047 826 1089 fuit
852 1046 981 1087 edita.

445 1113 682 1165 Antequam
713 1106 810 1148 hinc
848 1105 1074 1156 abeamus,
1131 1104 1221 1146 heic
1256 1119 1384 1159 pauca
1423 1103 1474 1145 de
1510 1103 1698 1161 antiqno.

242 1188 254 1202 e
269 1153 304 1219 'is
326 1183 419 1213 rum
451 1168 620 1225 picturis
639 1198 651 1216 ‚
687 1174 726 1206 et
763 1164 813 1206 de
847 1165 1009 1206 illarum
1037 1177 1113 1204 usu
1134 1163 1354 1221 appingere
1373 1177 1494 1205 curae
1513 1163 1576 1204 sit.
1597 1167 1697 1206 Om-

238 1224 243 1239 ¹
267 1225 303 1240 ¹²'
325 1245 392 1270 nes
428 1226 748 1269 Herculanenses
770 1255 786 1275 ‚
827 1223 1182 1279 Pompeianaeque
1218 1221 1379 1264 tabulae
1396 1252 1407 1272 ‚
1447 1236 1552 1278 quae
1570 1238 1700 1280 usque

320 1286 446 1329 modo
486 1300 534 1327 ex
569 1282 739 1325 Vesuvii
761 1281 983 1324 visceribus
1014 1291 1152 1322 erutae
1170 1280 1285 1322 fuere
1304 1311 1316 1332 ‚
1350 1280 1451 1322 nihil
1470 1280 1581 1322 aliud
1602 1296 1698 1323 con·

323 1348 480 1398 tinent,
521 1345 552 1385 si
581 1356 730 1400 paucas
769 1356 790 1382 e
826 1339 964 1381 medio
1005 1339 1214 1389 tollamus,
1247 1353 1372 1395 quam
1391 1339 1697 1396 marium,p0r-

317 1416 434 1446 tuum
458 1435 472 1456 ,
509 1401 765 1453 domorum,
801 1398 1003 1451 urbium,
1059 1408 1098 1440 et
1147 1411 1393 1453 camporum
1446 1397 1697 1454 adspectus·;

324 1465 420 1504 hinc
457 1478 478 1502 a
511 1459 706 1503 Romanis
729 1489 743 1512 ⁷
779 1467 819 1499 et
849 1472 933 1500 non
967 1473 990 1497 a
1020 1455 1189 1499 Graecis
1223 1471 1286 1497 eas
1323 1455 1479 1498 tabulas
1519 1455 1697 1514 depictas

318 1523 440 1563 fuisse
471 1519 712 1563 crediderim
737 1533 752 1568 3
787 1516 898 1572 apud
939 1515 1088 1558 Graios
1125 1515 1298 1557 enimin
1320 1514 1526 1571 pingendo
1543 1516 1583 1556 in
1608 1530 1698 1559 mo·

317 1596 358 1621 re
388 1580 466 1621 fuit
499 1579 678 1633 positum
696 1607 708 1628 ,
748 1586 795 1616 ut
814 1576 999 1616 Deorum
1019 1606 1030 1628 ‚
1065 1575 1126 1615 vel
1149 1572 1371 1614 celebrium
1394 1574 1578 1615 virorum
1596 1574 1688 1616 ima-

316 1639 424 1691 gines
461 1639 595 1691 potius
627 1642 991 1692 repraesentarent.
1023 1630 1188 1674 Adhaec
1219 1629 1443 1671 dicendum
1474 1631 1515 1671 in
1532 1631 1692 1687 parieti·

317 1683 393 1739 lius
426 1694 618 1752 pingendi
653 1707 775 1734 usum
808 1700 902 1731 ante
940 1689 1090 1743 harum
1118 1687 1289 1730 urbium
1328 1688 1692 1742 conflagrationem

317 1757 440 1797 fuisse
475 1754 568 1793 satis
603 1761 818 1793 recentem.
848 1750 959 1790 Nam
989 1763 1036 1788 ex
1075 1746 1194 1788 Plinii
1209 1747 1451 1788 auctoritate
1466 1747 1572 1787 Hist·
1594 1746 1689 1789 Nat.

312 1815 379 1857 lib.
417 1811 603 1854 XXXV.
638 1825 673 1851 c.
721 1823 771 1851 10
803 1815 1062 1863 compertum
1092 1804 1318 1858 habemus,
1351 1805 1462 1846 hunc
1479 1820 1600 1848 usum
1623 1821 1689 1850 su-

317 1889 384 1929 pra
423 1873 617 1928 parietem
653 1865 843 1925 pingendi
871 1880 894 1905 a
930 1864 1112 1921 quodam
1136 1862 1272 1906 Ludio
1294 1894 1305 1916 ‚
1350 1864 1423 1920 qui
1473 1864 1573 1904 vixit
1607 1864 1692 1906 Au-

315 1933 419 1986 gusti
456 1944 552 1970 aevo
584 1927 705 1969 fuisse
739 1925 1026 1980 excogitatum.
1061 1923 1170 1964 Hinc
1222 1931 1322 1978 puta
1368 1937 1434 1962 eas
1492 1922 1681 1973 tabulas,

317 2005 419 2047 quae
449 1987 686 2030 eruderatae
732 1984 882 2033 fuere,
917 1995 1000 2022 esse
1030 1982 1124 2022 satis
1169 1994 1346 2036 nuperas
1389 1989 1483 2021 ante
1527 1979 1684 2021 confla-

321 2049 543 2103 grationem
564 2077 575 2097 ,
606 2060 702 2086 cum
735 2043 801 2083 hic
833 2047 929 2081 usus
960 2038 1098 2094 paucis
1127 2037 1278 2080 abhinc
1309 2039 1425 2079 annis
1455 2036 1589 2079 suerat
1620 2053 1685 2079 re-

310 2117 482 2162 pertus,
515 2114 734 2160 posteaque
764 2098 947 2155 undique
978 2096 1199 2153 evulgatus·
1234 2098 1324 2138 Hoc
1357 2111 1452 2139 vero
1485 2095 1601 2152 quod
1619 2095 1681 2136 di·

309 2166 442 2206 ximus
462 2195 474 2214 ,
507 2163 557 2202 de
588 2160 782 2202 Romanis
810 2167 970 2199 tantum
989 2155 1293 2212 accipiendum,
1329 2170 1442 2197 secus
1459 2153 1510 2195 de
1527 2153 1678 2206 Graiis,

308 2225 378 2281 qui
409 2223 487 2263 iam
520 2217 864 2278 pluribusabhinc
893 2217 1062 2258 saeculis
1094 2211 1381 2272 pingendiarte
1396 2213 1567 2255 maxime
1587 2213 1675 2270 pol-

307 2283 455 2324 lebant,
488 2278 642 2323 Eadem
676 2278 833 2335 pictura
865 2274 958 2317 satis
989 2290 1011 2315 a
1043 2274 1253 2330 sculptura
1285 2271 1516 2324 differebat,
1539 2273 1579 2313 in
1595 2285 1687 2329 quo
