1920 2579
360 135 375 162 ι
415 133 440 162 0

354 134 680 219 C7CCCLXXII.
714 185 809 214 cum
847 168 1034 212 imbelles
1066 169 1278 213 Tarentini
1327 170 1536 214 Romanos
1591 185 1734 230 provo->

354 244 540 285 cassent3
561 232 659 273 hinc
690 228 897 287 Pyrrhum
932 229 974 270 in
1007 229 1170 271 Italiam
1192 228 1238 271 ad
1274 230 1486 287 suppetias
1518 230 1731 276 ferendum

352 293 565 337 advocant.
613 289 802 331 Traiecto
835 289 877 329 in
912 287 1073 330 Italiam
1093 287 1249 345 ingenti
1283 289 1477 340 exercitu,
1502 290 1730 334 maximum

349 350 541 408 flagravit
571 349 728 391 bellum
773 361 845 404 per
878 361 1005 388 annos
1052 361 1135 388 sex.
1174 347 1349 388 Romani
1382 346 1566 390 Laevino
1625 349 1736 391 Con·

351 412 439 452 sule
485 407 728 450 Tarentinos
763 404 1027 456 evertissent,
1084 405 1335 462 illorumque
1383 407 1519 448 socios
1577 406 1729 449 iterum

350 479 461 510 trans
494 466 656 508 Italiam
688 463 939 521 adnavigare
976 463 1113 505 statim
1144 464 1376 518 coegissent
1402 494 1414 513 ‚
1438 464 1514 505 nisi
1536 465 1731 521 elephan-

349 536 488 568 torum
525 523 793 577 novajerriti
827 522 962 578 specie
994 520 1200 571 fuissent;
1236 521 1330 563 hinc
1367 521 1494 575 fugati
1529 522 1729 579 profliga-

349 584 477 640 tique.
516 584 669 624 Iterum
705 591 823 638 atque
854 582 1005 622 iterum
1047 589 1139 636 post
1171 579 1214 619 id
1249 580 1445 636 temporis
1484 595 1580 623 cum
1629 583 1729 638 Pyr-

348 641 424 684 rho
455 641 628 683 Romani
662 637 1007 695 congredientes,
1038 638 1080 677 in
1133 637 1310 693 Epirum
1363 652 1460 679 cum
1513 637 1729 694 copiarum

349 699 532 756 reliquiis
571 700 709 755 ipsum
744 696 985 745 devictum,
1020 697 1284 752 Tarentoque
1331 693 1554 755 depulsum
1593 695 1726 741 redire

351 765 591 814 coegerunt.
894 809 899 814 ν

465 815 539 858 IV.
564 814 682 856 Nihil
713 813 808 856 heic
844 826 1068 853 memorem
1091 810 1298 854 Punicum
1333 811 1516 867 primum
1548 812 1725 865 bellum,

355 875 467 933 quod
499 888 606 915 anno
636 874 691 916 V.
729 872 775 917 C.
810 869 1048 912 CCCCXC.
1085 869 1337 927 incoeptum
1372 882 1459 922 est,
1481 881 1521 913 et
1538 870 1729 914 undecim

354 943 449 991 post
505 947 660 981 annos,
708 940 929 988 postquam
969 929 1152 986 Pyrrhus
1198 928 1244 970 in
1285 928 1460 985 Epirum
1504 932 1728 974 remeavit:

348 991 453 1034 nihil
484 991 575 1032 heic
613 989 747 1033 dicam
782 988 831 1030 de
865 988 1045 1029 seeundo
1070 1018 1082 1037 ,
1120 985 1230 1044 quod
1268 995 1359 1042 post
1390 1003 1544 1044 paucos
1592 988 1727 1031 evenit

344 1065 492 1098 annos,
518 1063 599 1104 quo
618 1057 803 1103 tempore
834 1044 1051 1087 Hannibal
1070 1045 1477 1101 Carthaginiensium
1496 1045 1575 1089 dux
1594 1047 1632 1087 in
1652 1046 1730 1088 Ro-

347 1121 493 1148 manos
526 1106 704 1147 maxime
736 1104 956 1151 saeviens,
995 1103 1036 1144 in
1074 1103 1239 1145 Italiam
1288 1118 1362 1159 per
1397 1105 1529 1160 Alpes
1565 1103 1729 1148 descen-

347 1165 420 1207 dit.
457 1167 623 1206 Norunt
659 1178 806 1205 omnes
839 1162 1007 1218 quoties
1039 1159 1120 1203 hoc
1149 1161 1247 1203 belli
1279 1161 1449 1213 fulmen,
1473 1162 1730 1219 disciplinae-

352 1239 430 1281 que
464 1221 653 1264 militaris
686 1227 976 1263 ornamentum
1008 1233 1111 1262 cum
1164 1219 1458 1262 strenuissimis
1502 1222 1597 1277 ipsis
1649 1221 1726 1263 Ro·

345 1297 492 1325 manae
527 1279 799 1335 Reipublicae
832 1277 1003 1320 ducibus
1034 1292 1115 1318 non
1148 1278 1314 1327 semel,
1348 1276 1419 1320 sed
1451 1279 1605 1335 pluries
1639 1279 1726 1321 fue·

341 1341 396 1383 rit
434 1353 685 1392 congressus.
718 1340 809 1380 Hoc
841 1337 938 1378 satis
969 1334 1082 1377 dictu
1099 1344 1158 1377 est
1181 1366 1192 1388 ,
1225 1336 1505 1378 Hannibalem
1539 1351 1613 1394 per
1632 1339 1724 1393 plu-

344 1413 408 1441 res
444 1411 569 1440 annos
602 1397 643 1437 in
686 1395 803 1437 Italia
834 1395 1101 1436 immoratum
1124 1424 1135 1444 ‚
1157 1409 1284 1451 eaque
1304 1393 1566 1437 dominatum
1587 1395 1724 1438 fuisse.

343 1461 532 1500 Mutatae
563 1453 657 1497 inde
688 1455 800 1510 leges
820 1485 836 1506 ,
871 1453 1157 1510 magistratus,
1193 1462 1233 1494 et
1266 1463 1416 1495 cuncta
1436 1457 1725 1497 Romanorum

347 1514 505 1573 politia.
537 1514 673 1556 Unius
706 1512 951 1555 Hannibalis
990 1525 1141 1553 nomen
1179 1509 1357 1569 undique
1376 1512 1621 1569 personabat
1641 1545 1652 1565 ,
1686 1524 1726 1556 et

344 1571 744 1628 Carthaginiensium
775 1572 884 1625 leges
917 1585 988 1625 per
1020 1577 1211 1612 cunctam
1241 1569 1438 1624 vigebant
1456 1571 1723 1614 Italiam.R0·

342 1648 411 1673 ma
465 1632 553 1689 ipsa
606 1630 871 1688 Reipublicae
918 1629 1012 1671 urbs
1059 1627 1251 1683 princeps
1306 1629 1467 1671 Poenos
1521 1646 1616 1672 cum
1658 1630 1720 1687 ip-

341 1704 483 1732 sorum
539 1687 642 1732 duce
700 1688 752 1732 acl
800 1688 964 1731 moenia
1026 1685 1400 1745 adpropinquantes
1453 1689 1722 1732 tremebunda

343 1747 569 1805 conspexit.

461 1807 511 1849 V.
542 1808 713 1849 Fractae
747 1800 1013 1861 postmodum
1054 1803 1286 1845 Poenorum
1329 1804 1529 1860 paulatim
1562 1820 1625 1847 res
1678 1805 1722 1848 in

342 1864 458 1906 Italia
505 1873 655 1910 erant.
706 1878 802 1906 cum
828 1861 1037 1904 Hannibal
1089 1862 1229 1918 copias
1291 1861 1577 1906 hibernaturas
1613 1863 1720 1922 apud

340 1922 529 1980 Capuam
547 1921 767 1964 adduxerat
799 1921 1077 1964 luxuriantem
1108 1921 1239 1976 longa
1270 1921 1465 1964 felicitate
1484 1954 1496 1972 ,
1516 1931 1557 1964 et
1588 1922 1719 1965 fortu-

344 1996 422 2023 nae
461 1980 718 2038 indulgentia
742 2011 754 2030 ‚
795 1990 838 2023 et
867 1987 1020 2038 Paucos
1056 1985 1150 2037 post
1192 1995 1319 2022 annos
1339 1980 1382 2021 in
1415 1981 1591 2037 patriam
1623 1996 1722 2023 cum

346 2038 561 2096 copiarum
579 2039 762 2096 reliquiis
775 2038 933 2096 regredi
953 2037 1312 2080 coactus2Romani
1324 2048 1421 2081 tunc
1432 2039 1622 2094 Scipione
1637 2039 1720 2080 for·

346 2096 505 2138 tissime
539 2097 642 2140 duce
682 2097 838 2140 bellum
869 2098 913 2139 in
946 2096 1077 2153 ipsam
1109 2096 1293 2139 Africam
1315 2095 1540 2153 gerendum
1568 2105 1718 2138 statue-

347 2164 456 2196 runt.
491 2156 558 2197 Sic
591 2155 708 2197 Italia
739 2171 762 2197 a
794 2156 940 2197 Poenis
973 2156 1141 2198 liberata
1167 2187 1179 2206 ,
1211 2165 1251 2196 et
1288 2154 1494 2211 Carthago
1529 2170 1551 2196 a
1582 2154 1724 2197 funda·

345 2213 510 2268 mentis,
529 2221 570 2259 et
589 2212 813 2272 Imperium
829 2214 1186 2261 excisum.Eversa
1210 2213 1326 2264 urbe,
1346 2212 1463 2257 Italia
1485 2228 1534 2256 ex
1549 2228 1595 2257 ea
1615 2223 1719 2259 temz
