1920 2579
1485 136 1565 177 265

189 210 334 241 verum
366 192 512 238 vicinis
547 192 671 236 etiam
701 191 896 242 urbibus,
950 191 1009 235 uti
1057 188 1179 234 tradit
1232 189 1474 234 Plutarchus
1517 193 1559 234 in

189 254 373 297 eiusdem
428 253 521 294 vita.
572 252 680 295 Hinc
712 267 762 294 eo
797 261 984 302 tempore
1034 264 1230 306 agrorum
1279 248 1467 293 fertilitas
1516 265 1566 295 eo

188 311 406 369 pervenit,
439 321 484 353 ut
515 309 665 368 ubique
694 309 827 352 omnis
862 325 999 351 rerum
1030 307 1284 351 abundantia
1317 306 1474 351 adesset
1493 319 1563 360 ,et

188 369 361 413 Romani
393 367 547 411 relictis
579 368 733 413 bellicis
774 367 957 410 moribus
990 368 1041 410 ad
1072 381 1192 425 agros
1230 365 1426 409 colendos
1477 367 1557 408 ani·

184 445 303 471 mum
334 426 609 469 intenderunt.
661 429 769 471 Hinc
802 425 1026 484 pulchrum
1060 427 1200 470 videre
1232 434 1322 467 erat
1340 439 1463 482 agros
1480 425 1563 467 fer·

186 488 393 530 tilissimos
425 486 614 527 omnium
643 486 851 530 fructuum
872 516 886 536 ,
918 499 1136 543 rerumque
1169 499 1319 542 genere
1368 492 1526 527 scatere
1555 517 1566 538 ‚

187 546 347 590 divitias
369 574 382 593 ,
412 545 710 588 commercium
744 559 842 588 cum
893 543 1069 594 vicinis,
1123 542 1361 600 dissitisque
1396 542 1560 599 populis

186 604 228 645 in
258 602 342 645 dies
372 611 555 645 auctum.
588 602 673 645 Sub
704 613 788 646 tam
815 603 991 660 sapienti
1024 603 1134 658 Rege
1165 600 1277 644 haud
1321 601 1453 642 ullum
1486 600 1564 643 fuit

186 662 342 704 bellum
366 691 379 713 ‚
416 675 547 719 neque
579 662 783 719 sanguinis
816 660 963 706 effusio
986 671 1073 718 ,et
1120 659 1366 719 praesertim
1388 657 1564 703 deorum

192 720 329 764 cultus
361 720 538 762 maxime
575 720 728 779 viguit«
1025 730 1045 764 ,ἲ

303 778 371 819 Ad
403 779 503 819 tanti
535 779 651 835 Regis
678 779 911 836 exemplum
944 779 1121 821 Romani
1155 776 1350 834 temporis
1382 791 1564 833 progres-

188 852 234 878 su
268 837 392 892 magis
422 837 607 880 animum
639 838 689 879 ad
723 838 1020 895 frugalitatem,
1055 849 1095 879 et
1130 850 1324 892 agrorum
1357 837 1561 877 culturam

187 896 486 951 applicuerunt.
519 896 628 938 Hinc
660 907 722 938 tot
754 897 856 946 viri,
890 898 959 953 qui
995 896 1097 937 bene
1126 894 1178 936 de
1208 894 1421 952 republica
1472 909 1560 935 sen-

191 955 334 994 tientes
352 985 368 1004 ,
404 954 559 1010 quique
580 966 669 1011 post
703 966 765 997 tot
795 954 899 996 bella
931 965 1036 1010 gesta
1058 987 1069 1008 ‚
1096 964 1188 1010 post
1213 964 1274 994 tot
1311 950 1565 1009 triumph05‚

189 1021 362 1068 postque
395 1023 455 1053 tot
486 1013 701 1056 debellatas
736 1025 871 1070 gentes
915 1027 1063 1069 magno
1101 1014 1260 1055 honore
1296 1027 1316 1051 a
1350 1010 1432 1053 suis
1465 1010 1564 1052 culti

186 1070 332 1121 fuere,
381 1073 533 1128 quique
576 1074 840 1129 antiquorum
874 1073 1090 1115 hominum
1114 1085 1227 1113 more
1250 1071 1429 1111 viventes
1444 1068 1498 1110 ad
1528 1087 1564 1111 a·

188 1141 281 1183 gros
313 1129 507 1171 colendos
540 1146 622 1172 sese
653 1131 894 1186 applicuere.
925 1131 1034 1170 Hinc
1069 1129 1219 1169 mirum
1241 1127 1350 1169 haud
1383 1142 1467 1168 esse
1495 1127 1565 1169 de-

188 1187 287 1237 bet,
331 1188 362 1227 si
395 1186 500 1229 Cato
532 1188 688 1229 Censor
720 1189 838 1228 etiam
874 1203 915 1229 se
969 1188 1239 1242 agriculturae
1287 1185 1474 1237 dederit,
1510 1187 1565 1227 ob

185 1258 308 1302 quam
340 1255 401 1288 tot
433 1256 643 1303 praecepta
676 1246 792 1288 nobis
825 1247 999 1304 reliquit.
1033 1245 1180 1286 Cicero
1233 1245 1276 1285 in
1328 1254 1431 1285 orat.
1486 1260 1562 1301 pro

184 1303 333 1345 Roscio
366 1305 562 1347 Amerino
593 1316 741 1346 contrat
767 1304 877 1346 illius
923 1315 1176 1346 accusatores
1229 1302 1419 1352 invehit,
1453 1303 1565 1359 quod

188 1366 271 1417 ipse
312 1365 573 1419 antiquorum
607 1378 721 1405 more
765 1365 847 1404 ruri
882 1362 1029 1419 ingiter
1076 1373 1273 1403 maneret.
1326 1358 1429 1403 Inde
1482 1363 1565 1418 ipse

186 1422 275 1472 ait,
327 1420 502 1463 maiores
555 1421 632 1462 hoc
669 1432 755 1462 tam
794 1431 906 1462 recto
969 1421 1133 1462 vivendi
1182 1435 1257 1461 usu
1310 1417 1362 1458 ad
1412 1429 1568 1461 tantam

190 1479 510 1534 magnitudinem
558 1482 819 1536 pervenisse,
855 1490 901 1520 ut
946 1479 1112 1535 Imperii
1165 1480 1356 1522 maiestas
1405 1480 1567 1521 nonnisi

184 1539 263 1578 hoc
295 1537 419 1580 modo
452 1538 572 1580 fuerit
607 1538 797 1589 redacta,
830 1549 867 1579 et
902 1540 1059 1580 utinam
1084 1539 1261 1580 Romani
1290 1537 1400 1579 idem
1431 1539 1570 1581 viven-

187 1595 227 1636 di
262 1610 390 1653 genus
422 1596 556 1640 forent
587 1598 750 1648 secuti,
784 1598 884 1639 dnm
918 1596 1027 1638 haud
1061 1612 1193 1639 mores
1240 1606 1373 1638 essent
1418 1596 1563 1652 deper-

187 1654 273 1696 diti.
305 1654 388 1697 Sub
417 1654 497 1697 hoc
530 1666 644 1698 tanto
677 1658 763 1698 viro
794 1672 866 1699 nec
905 1656 1041 1708 bella,
1076 1671 1149 1697 nec
1180 1670 1393 1697 armorum
1427 1655 1563 1697 fremi-

186 1725 252 1753 tus
291 1714 739 1771 Romaniexcitartrnyt,
762 1727 799 1757 et
819 1714 871 1756 ad
904 1714 1090 1757 eiusdem
1121 1715 1356 1771 exemplum
1391 1711 1566 1757 deorum

186 1771 312 1813 cultui
336 1803 348 1821 ‚
385 1784 426 1814 et
457 1788 648 1829 agrorum
680 1775 861 1815 culturae
880 1784 1042 1815 tantum
1066 1773 1217 1814 addicti
1248 1773 1376 1814 fuere.
1403 1774 1568 1815 Vicinae

187 1841 324 1884 gentes
369 1832 548 1874 eiusdem
601 1833 720 1889 Regis
751 1832 981 1890 exemplum
1017 1832 1264 1874 imitandum
1306 1833 1378 1874 sibi
1421 1846 1572 1891 propo-

189 1900 374 1931 suerunt.

301 1950 393 1990 Hoc
431 1950 554 2005 igitur
588 1952 692 1992 vitae
723 1966 846 2006 genus
881 1949 1034 1993 multos
1058 1949 1302 2006 'perduravit
1332 1965 1483 2000 anuos,
1526 1961 1565 1990 et

181 2008 357 2049 Romani
377 2008 615 2052 ‘subsecutis
647 2010 903 2065 temporibus
938 2019 1022 2051 tam
1054 2018 1162 2051 recte
1177 2013 1461 2067 sapienterque
1489 2024 1563 2065 gu-

181 2066 338 2109 bernati
370 2067 499 2118 fuere,
519 2078 568 2109 ut
598 2070 822 2109 eorundem
858 2068 966 2127 leges
986 2068 1087 2109 latae
1108 2067 1258 2109 fuerint
1279 2084 1348 2125 per
1369 2063 1562 2110 cunctam

179 2124 545 2183 Italiam,aliasque
583 2126 773 2183 Europae
804 2138 968 2183 partes,
1010 2137 1236 2183 eorumque
1268 2127 1392 2169 duces
1430 2129 1561 2172 virtu-

182 2187 262 2233 tis,
293 2194 416 2241 atque
448 2184 692 2242 frugalitatis
726 2185 886 2228 cunctis
918 2185 1110 2244 gentibus
1158 2185 1312 2227 fuerint
1358 2187 1563 2244 exemplos

181 2239 273 2284 Hoc
310 2243 421 2284 idem
452 2245 561 2285 vilae
590 2259 716 2300 genus
745 2260 792 2287 eo
839 2258 967 2303 usque
1014 2243 1280 2302 perduravit,
1317 2244 1471 2288 donec*
1505 2259 1564 2285 ae-

180 2301 289 2344 mula
336 2301 581 2358 Carthagine
620 2303 737 2361 potiti
777 2305 919 2356 fuere,
952 2315 991 2347 et
1015 2351 1019 2355 ⁴
1043 2303 1226 2345 Romani.
1270 2301 1393 2347 iidem
1430 2303 1563 2347 fortis·

302 2360 347 2402 T.
384 2359 449 2403 11,
711 2408 721 2411 χ
1159 2363 1212 2417 34
