1920 2579
398 142 408 169 i
448 130 473 170 6

388 137 534 228 afflantes.
566 183 869 236 inliabitarunt3
902 180 945 223 id
959 197 1083 225 omne
1106 197 1154 224 ex
1183 182 1303 226 variis
1322 180 1446 223 Medii
1465 182 1554 224 AEvi
1575 183 1760 238 Begestis

385 244 734 301 probatlaudatus
768 253 925 282 auctor.
959 243 1013 283 At
1047 241 1253 284 undenam
1276 257 1317 282 ea
1337 241 1463 282 insula
1498 252 1639 283 nostro
1659 257 1758 283 aevo

384 313 640 357 coangustata
664 332 675 350 ‚
697 313 733 342 et
765 300 976 343 dimidiata
993 301 1229 343 adservatur
1245 303 1261 340 ἓ)
1280 314 1358 340 non
1383 300 1500 340 aliam
1518 300 1574 341 ⁴ob
1591 314 1755 341 causam

381 362 421 401 511
455 364 629 402 evenisse
665 361 838 411 scribit,
874 375 1002 416 quam
1020 359 1132 417 quod
1163 373 1273 400 anno
1292 357 1640 403 MCCCCXLIII.
1661 358 1753 399 VII.

379 419 472 460 Kal.
509 419 696 459 Deceiub.
733 418 1046 463 horrendjssssima
1077 429 1215 461 exorta
1257 429 1524 473 tempestate,
1564 421 1753 459 ermom

379 489 509 518 terrae
538 479 578 517 in
613 478 867 519 medietatem
900 489 958 519 cst
1006 477 1178 521 redacta.
1214 477 1347 518 Huius
1394 476 1590 518 horrendi
1639 490 1753 517 casm

381 536 630 576 mentionem
666 535 757 577 facit
791 538 975 576 Petrarca
1009 536 1098 578 libr.
1139 538 1191 579 V,
1234 535 1347 591 epist.
1382 534 1510 576 famil.
1545 535 1616 591 qui
1650 536 1754 575 intet·

378 593 451 634 alia
488 595 583 634 haec
614 594 696 635 ait:
741 595 868 637 Mille
918 596 1028 635 inter·
1069 598 1284 648 Capreas,
1333 601 1462 648 atque
1509 593 1753 648 Neapolim

366 653 602 707 fluitabant
632 653 844 694 undarum
875 666 1065 702 montes,
1118 668 1208 694 non
1242 651 1493 692 caeruleum
1511 683 1522 703 ,
1543 661 1615 692 aut
1634 650 1755 711 quod

378 713 420 752 in
456 712 629 765 magnis
648 713 965 766 tempestatibus
983 708 1116 760 solet,
1140 712 1329 768 nigrum,
1343 707 1424 749 sed
1440 722 1599 751 canum
1620 742 1632 761 ,
1652 712 1751 752 hor-

376 770 500 824 rfico
531 784 784 823 spumarum
816 769 1011 811 candore
1041 772 1210 827 fretum
1257 768 1525 811 cernebatur.
1574 768 1751 810 Celanus

378 829 533 879 etiam,
569 826 715 868 Giorn.
757 830 812 872 V.
851 838 989 886 aperte
1021 829 1063 869 id
1094 828 1275 869 declarat
1297 857 1310 877 ,
1356 825 1429 883 qui
1461 826 1567 869 inter
1598 827 1672 870 alia
1708 828 1750 870 in

377 886 510 928 vicino
545 886 698 943 insulae
730 888 833 929 mari
871 886 989 943 plura
1036 898 1291 931 vetustarum
1325 885 1572 928 fabricarum
1603 887 1750 930 rudera

375 960 449 986 suo
480 943 615 986 adhuc
646 960 745 987 aevo
775 945 1025 1004 superfuisse
1054 945 1109 993 ad
1138 956 1344 992 vetustam
1378 943 1576 1000 Megariae
1607 946 1751 990 urbem

377 1013 621 1061 pertinentia
652 1015 803 1048 narrat.

496 1061 605 1103 Cum
637 1073 773 1103 autem
805 1063 934 1104 insula
966 1064 1116 1105 isthaec
1148 1074 1231 1105 tota
1253 1077 1302 1104 ex
1331 1062 1496 1104 materia
1527 1061 1681 1106 tofacea
1703 1064 1755 1109 sig

371 1120 583 1160 efformata
604 1151 617 1169 ,
651 1121 841 1162 facillime
875 1123 1033 1163 evenire
1069 1124 1203 1175 potuit
1228 1154 1240 1170 ‚
1275 1132 1319 1162 ut
1370 1121 1566 1177 paulatim
1625 1122 1748 1167 maris

372 1178 523 1219 ictibus
557 1193 786 1234 repercussa
818 1179 1029 1221 dimidiata
1062 1179 1194 1221 fuerit.
1228 1180 1357 1235 quue
1390 1190 1472 1219 tam
1494 1189 1651 1222 certum
1672 1193 1750 1234 es-t,

375 1248 421 1277 ut
453 1236 528 1277 sub
560 1237 684 1278 maris
723 1236 842 1279 undis
874 1253 921 1279 ex
954 1239 1066 1279 omni
1111 1239 1264 1279 insulae
1305 1248 1447 1294 parte,
1486 1252 1566 1292 qua
1598 1248 1747 1294 patet,

376 1295 611 1337 adservetur
643 1294 780 1336 adhuc
815 1306 943 1339 terrae
979 1311 1069 1351 pars
1101 1311 1206 1353 quac
1240 1296 1290 1336 ad
1321 1295 1494 1336 insulam
1541 1297 1753 1350 quondam

377 1353 588 1407 pertinuit.
624 1353 669 1394 Id
704 1369 803 1396 vero
835 1355 917 1397 iam
949 1371 996 1397 ex
1037 1355 1320 1396 Romanorum
1340 1367 1439 1396 aevo
1475 1354 1650 1396 evenisse
1669 1359 1752 1398 exi·-

375 1410 627 1452 sumundum
667 1422 727 1452 est
749 1444 762 1463 ,
801 1428 895 1454 curn
930 1429 978 1456 eo
1020 1424 1204 1469 tempore
1239 1414 1360 1453 etiam
1393 1427 1516 1468 saepe
1549 1426 1659 1455 mare
1691 1416 1755 1456 in-'

374 1469 507 1512 sulam
539 1472 829 1524 coangustavit.
864 1472 1051 1514 Eandem
1094 1472 1193 1512 olim
1245 1481 1372 1511 terrae
1425 1472 1581 1511 unitam
1629 1471 1751 1514 fuisse

373 1543 537 1585 quoque
569 1528 781 1582 creditur,
815 1540 854 1571 et
885 1546 908 1570 a
939 1529 1124 1573 motibue
1153 1540 1284 1570 terrae
1305 1560 1318 1580 ,
1341 1527 1403 1570 vel
1445 1528 1497 1570 ab
1550 1529 1645 1585 ipsis
1676 1531 1750 1573 ho-

376 1588 536 1627 minum
570 1587 763 1628 manibus
795 1589 836 1629 in
874 1589 1030 1630 insulae
1065 1589 1242 1629 sormam
1283 1597 1419 1642 postea
1440 1587 1632 1630 effictam,

492 1645 713 1699 Megariam
754 1661 848 1686 vero
899 1647 1071 1688 insulam
1122 1646 1244 1686 fuisse
1291 1645 1426 1701 ipsum
1474 1645 1748 1688 Lucullanum

375 1702 563 1742 Castrum
600 1703 699 1744 falso
733 1704 916 1746 creditur
946 1721 966 1745 a
1007 1704 1144 1761 patriis
1184 1703 1449 1760 scriptoribus
1471 1734 1484 1752 ‚
1519 1703 1634 1744 cuius
1680 1719 1748 1746 oc-

373 1761 497 1800 currit
531 1764 685 1802 mentio
719 1764 797 1803 iam
834 1778 855 1803 a
887 1764 1033 1821 quinto
1066 1761 1266 1804 Ecclesiae
1300 1761 1552 1804 Christianae
1569 1763 1745 1814 saeculo,

375 1820 486 1873 quod
534 1834 553 1858 a
603 1821 880 1877 Neapolitanis
917 1824 1074 1863 saeculo
1116 1822 1277 1862 decimo
1309 1823 1387 1864 fuit
1421 1834 1621 1862 eversum·
1658 1820 1751 1862 Gu-

376 1876 535 1916 lielmus
553 1889 691 1919 autem
711 1880 740 1920 Ι.
773 1880 924 1921 Malas
959 1878 1122 1922 n'omine
1153 1893 1288 1922 arcem
1326 1878 1647 1920 Normandicam
1691 1879 1748 1920 ibi

368 1934 595 1977 aedificavit
641 1951 750 1978 anno
802 1939 1029 1990 MCLXX;
1077 1939 1171 1982 hinc
1208 1953 1252 1978 ex
1287 1955 1330 1981 ea
1383 1946 1619 1991 tempestate
1666 1937 1748 1979 Ovi

369 1993 560 2047 Castrum
592 1995 643 2034 ab
677 1997 828 2036 insulae
862 1998 1111 2039 rotunditate
1147 1996 1296 2040 audiit.
1346 1997 1432 2038 Iam
1465 2005 1557 2035 ante
1603 1996 1749 2037 insula

369 2051 522 2091 ΒῙαίω·
545 2083 556 2101 ,
593 2064 633 2093 et
664 2055 907 2096 Salvator-is
938 2057 1082 2098 insula
1116 2069 1188 2112 per
1237 2056 1389 2109 patrios
1436 2062 1621 2094 auctores
1668 2053 1747 2093 fuit

369 2110 639 2164 compellata,
672 2122 717 2152 ut
749 2115 853 2153 inter
888 2113 988 2156 alios
1022 2115 1168 2169 probat
1200 2112 1378 2155 Claritas
1420 2112 1510 2152 loco
1553 2121 1646 2151 ante
1692 2111 1746 2151 ci-

368 2169 656 2222 tatopluribus
674 2171 929 2227 scriptorum,
960 2173 1082 2213 Medii
1107 2173 1200 2216 AEvi
1240 2168 1567 2213 auctoritatibus,
1587 2168 1651 2211 Ad
1672 2170 1747 2209 hoc

371 2225 514 2267 melius
548 2228 809 2283 probandum
848 2241 1032 2275 auctores
1066 2232 1319 2283 afferemus,
1369 2243 1415 2270 ex
1462 2228 1614 2285 quibus
1661 2227 1747 2276 Lu:
