1920 2579
131 269 155 298 ’Σ
171 266 299 307 eginum,

339 102 394 155 94

332 157 390 223 lin
420 157 636 202 recitatum
667 158 737 203 lib.
768 160 819 203 ΙΙ.
852 174 886 201 c.
927 172 975 206 ιο
1007 159 1048 201 iu
1079 174 1162 219 quo
1194 159 1244 203 de
1276 160 1351 203 hac
1381 160 1538 205 eblonia
1557 175 1698 207 occur-

338 226 391 257 rlt
422 227 590 260 menno.

452 275 711 330 Tegianum,
759 277 821 320 vel
851 276 1076 333 Teglanum
1124 288 1266 321 utrum
1314 277 1442 328 urbs,
1491 294 1541 320 an
1585 280 1700 322 vicus

329 332 481 384 fuerit,
519 337 735 378 incertum.
767 338 830 377 De
862 337 945 377 eius
976 337 1057 377 situ
1090 335 1334 388 dubitatur,
1393 351 1491 379 cum
1541 337 1701 379 nullum

330 393 472 433 existat
503 404 819 435 monumentum
840 427 854 445 ,
887 406 1044 451 praeter
1075 411 1241 438 nomen.
1271 396 1376 437 Sunt
1404 396 1476 451 qui
1497 396 1694 447 scribunt,

331 449 472 493 locum
506 452 616 493 hunc
648 452 690 492 in
721 453 944 511 Campania
974 454 1150 497 extitisse
1169 488 1184 507 ,
1221 463 1261 495 et
1290 453 1398 495 haud
1418 454 1557 507 procul
1580 470 1599 494 a
1621 457 1701 496 ΝοΒ

330 509 369 549 Ia
391 541 403 561 ‚
436 522 474 553 et
506 510 576 552 ubi
607 510 830 554 hodiedum
862 513 974 554 vicus
1004 523 1063 554 est
1093 514 1144 556 ab
1175 512 1372 567 indigenis
1392 511 1524 553 dictus
1542 512 1699 556 Palma.

326 567 515 612 Cluerius
545 570 642 613 ibid.
675 570 818 612 urbem
850 571 971 614 fuisse
1002 582 1220 623 autumat,
1252 571 1306 615 ita
1338 580 1385 612 ut
1401 569 1612 622 Coloniae,
1635 571 1697 613 vel

318 628 537 686 Municipii
570 629 766 670 meruerit
797 629 1048 685 dignitatem.

436 687 577 743 Atque
609 687 698 728 hae·
717 698 813 728 suut
846 689 1094 744 Cau'xpaniae
1124 688 1270 738 urbae,
1302 697 1424 743 atque
1469 686 1546 726 vici
1592 686 1699 726 ultra

321 743 505 799 citraque
537 744 739 800 Capuam.
769 747 930 786 Verum
963 746 1133 787 lectores
1167 746 1344 785 monitos
1375 743 1491 794 volo,
1515 757 1595 783 non
1615 757 1696 783 om·

317 801 384 841 nia
416 802 614 845 hactenus
647 802 848 859 descripta
881 804 971 847 loca
1003 813 1152 845 extare.
1184 804 1337 844 Recens
1355 801 1601 857 Campaniae
1618 811 1696 841 sta-

319 869 387 901 tus
420 871 479 901 est
510 861 672 917 penitus
699 860 754 902 ab
785 862 954 918 antiquo
984 872 1178 903 mutatus.
1210 861 1348 903 Vrbes
1379 860 1681 910 celeberrimae,

318 928 359 958 et
388 919 505 959 villae
535 918 748 976 quondam
779 921 1065 961 Romanorum
1098 919 1261 961 deliciae
1305 935 1327 959 a
1375 918 1566 959 Barbaris
1586 949 1600 967 ,
1653 928 1691 957 et

317 978 514 1033 temporis
547 976 743 1019 edacitate
773 978 868 1018 sunt
899 991 1071 1019 eversae.
1094 979 1225 1033 Super
1244 978 1505 1032 antiquarum
1525 975 1691 1017 urbium

317 1034 617 1090 aggestionibus
649 1049 754 1076 nova
784 1034 905 1092 opida
937 1035 1104 1078 condita
1134 1036 1280 1087 fuere;
1313 1035 1467 1076 diversa
1499 1031 1594 1073 inde
1624 1033 1690 1071 iis-

318 1092 413 1133 dcm
446 1095 613 1134 nomina
645 1093 788 1135 indita.
824 1094 935 1135 Inter
964 1103 1028 1135 tot
1059 1095 1180 1149 igitur
1212 1094 1362 1144 urbes,
1394 1104 1573 1148 quarum
1609 1088 1695 1129 me-

316 1151 450 1193 moria
483 1152 559 1192 fuit
589 1150 801 1194 obliterata
822 1184 832 1204 ‚
866 1152 999 1193 solum
1033 1152 1366 1202 Herculaneum,
1416 1159 1455 1190 et
1501 1148 1685 1202 Pompeii

317 1209 370 1251 ad
401 1224 473 1252 nos
506 1210 682 1266 integrae
713 1211 834 1254 urbes
868 1224 1087 1269 pervenere
1106 1242 1118 1265 ,
1151 1209 1203 1252 de
1233 1210 1382 1270 quibus
1412 1222 1520 1250 nunc
1551 1219 1684 1249 sermo

291 1288 295 1291 ·
318 1268 607 1321 instituendus.

707 1515 938 1563 Exi-mm
971 1530 1096 1559 mua
1131 1529 1317 1558 pamas.
