1920 2579
1438 81 1490 108 12¹

148 138 301 174 scateat
334 126 514 171 millenis
544 125 657 167 hisee
696 124 862 182 optimis
891 123 1114 167 elaboratis
1147 122 1343 166 fictilibus
1396 84 1515 171 vasis?

143 191 359 230 Praetereo
390 194 449 227 tot
482 185 601 227 urbes
628 192 790 227 veteres
811 214 825 234 ,
881 185 939 225 uti
970 183 1155 239 Capuam
1175 213 1189 232 ‚
1228 184 1380 223 Nolam
1404 215 1414 234 ,
1456 196 1512 227 A·

139 248 291 289 bellam
316 278 329 298 ,
365 246 517 287 Cumas
539 275 551 292 ,
583 242 762 298 aliasque
794 242 962 298 plures,
1020 258 1069 284 ex
1103 241 1250 298 quibus
1285 240 1327 282 in
1360 242 1443 286 dies
1477 248 1509 285 i-

142 305 281 347 sthaec
313 302 604 350 inveniuntur,
638 316 765 357 eaque
798 301 935 342 omnia
959 302 1189 344 Tuscanico
1221 301 1382 342 nonnisi
1418 320 1511 359 ope-

141 381 186 407 re
219 363 427 405 elaborata
458 360 730 416 reperiuntur.
772 358 832 398 Ex
857 359 1001 400 eodem
1033 360 1166 402 Plinio
1198 359 1272 400 lib.
1307 360 1508 407 XXXIV.

143 439 175 464 c.
212 437 237 476 7
269 421 493 476 accipimus
526 434 600 461 suo
633 432 734 460 aevo
768 419 962 460 Etruscas
1014 428 1166 462 statuas
1201 432 1323 473 saepe
1374 436 1510 478 reper-

143 492 234 532 tas3
267 479 363 521 hinc
396 479 451 520 ait
477 497 486 517 .-
517 477 653 534 Signa
691 477 935 517 Tuscanica
962 492 1047 532 pet·
1081 487 1219 518 terras
1257 477 1454 532 dispersa

143 542 187 581 in
218 539 262 579 E
267 537 401 579 traria
427 536 636 589 factitata
676 550 782 576 esse.

258 597 319 638 Ea
360 604 498 637 autem
529 594 646 651 signa
684 593 806 635 fuisse
847 602 906 634 tot
938 608 987 637 ac
1018 604 1131 637 tanta
1163 593 1323 651 liquet,
1357 606 1402 637 ut
1434 599 1507 641 lta-2

141 657 197 699 lia
229 665 314 697 tota
350 653 497 695 iisdem
534 653 654 694 fuerit
686 652 853 708 repleta.
892 653 1002 696 Hinc
1034 654 1311 696 Tertullianus
1349 656 1507 711 Apolo-

142 716 223 771 g'et.
256 729 294 756 c.
331 716 368 754 8.
399 714 456 755 sic
488 711 656 754 scribit:
690 711 825 766 Signa
862 714 1162 765 Graecorum⁷
1194 721 1234 766 et
1272 713 1506 758 Tuscorum

144 775 333 814 ‚Romam
361 770 608 812 simulacris
639 769 913 810 inundarunt.
946 769 1120 812 Romani
1163 785 1261 814 vero
1301 782 1394 828 post
1439 774 1508 816 de·-

139 831 314 873 bellatos
344 839 515 872 cunctos
553 828 729 886 populos
749 858 761 878 ‚
808 836 849 869 et
880 829 1099 885 praecipue
1137 829 1329 882 Italiam,
1379 833 1507 889 pluri-

136 905 223 931 mas
257 897 409 930 statuas
448 888 626 928 Romam
656 895 967 929 'convectent-unt.
999 887 1172 930 Celebre
1218 887 1316 930 hinc
1350 901 1410 932 est
1455 894 1504 933 il-

142 947 213 989 lud
247 978 257 997 ‚
305 945 412 1003 quod
462 955 600 987 narrat
646 943 834 987 laudatus
878 960 998 1001 saepe
1046 946 1204 989 Plinius
1251 947 1404 990 ibidem
1458 950 1507 993 de

140 1005 364 1055 Vulsinio,
396 1021 416 1046 e
449 1018 529 1061 quo
559 1002 683 1060 opido
716 1003 891 1044 Romam
921 1004 1116 1046 translata
1162 1005 1275 1047 fuere
1327 1007 1378 1050 ad
1426 1007 1507 1050 duo

140 1063 270 1106 millia
303 1072 558 1106 statuarum:
594 1067 786 1104 Deorum
815 1071 977 1102 tantum
1010 1072 1211 1116 putarem
1250 1079 1303 1106 ea
1327 1067 1505 1120 faisse,

141 1128 186 1164 ni
220 1121 499 1164 Metrodorus
533 1121 760 1174 Scepsius,
810 1119 881 1160 cui
932 1134 1177 1177 cognomen
1233 1138 1261 1162 a
1318 1124 1506 1165 Roman-

141 1181 328 1222 nominis
361 1179 461 1221 odio
497 1179 675 1220 inditum
709 1188 772 1218 est
793 1209 805 1228 ,
835 1188 1017 1234 propter
1052 1178 1138 1220 duo
1175 1180 1313 1223 millia
1345 1186 1506 1226 stautai

141 1255 236 1280 rum
271 1238 485 1280 Vulsiniis
516 1246 794 1294 expugnatos
813 1236 1026 1278 obiiceret.
1043 1237 1207 1280 Ptaeter
1222 1239 1396 1283 citatum
1418 1242 1506 1283 Pli-

139 1300 256 1340 nium
287 1296 509 1339 Clementis
543 1293 809 1339 Alexandrini
841 1297 1034 1337 Stromat.
1085 1296 1156 1339 lib.
1203 1297 1233 1337 I.
1275 1314 1370 1358 pag.
1411 1305 1504 1342 132.

142 1357 431 1399 auctoritatem
464 1355 678 1396 afferemus
698 1385 708 1405 ,
740 1353 810 1410 qui
846 1354 1122 1397 Etruscorum
1152 1356 1346 1412 plastices
1373 1369 1506 1401 artem

140 1414 279 1455 findat
306 1434 314 1453 ‚-
369 1413 442 1448 Ε’τι
471 1414 550 1457 φασί
576 1411 829 1447 Τουσκανικούε
855 1413 912 1451 τῆν
940 1413 1128 1451 πλαστικήν
1156 1415 1336 1453 ἠπινοησαι
1359 1432 1367 1456 ;
1427 1423 1507 1459 Τμ-

141 1486 303 1514 scanos
335 1474 454 1513 aiunt
479 1475 695 1527 plasticen
725 1477 1014 1529 excogitasse.
1063 1474 1312 1531 Negandum
1368 1484 1505 1519 autem

141 1530 249 1572 haud
283 1539 358 1579 est,
381 1541 472 1573 ante
504 1531 700 1575 Etruscos
734 1531 832 1572 alias
866 1531 1046 1573 extitisse
1067 1543 1240 1589 gentes,
1275 1550 1377 1592 quae
1397 1533 1504 1578 hanc

138 1599 267 1631 artem
303 1590 598 1645 excogitarunt.
616 1594 797 1632 Fuerunt
815 1588 1003 1640 Hebraei,
1026 1601 1065 1633 et
1082 1592 1280 1650 AEgypffi,
1299 1608 1383 1636 non
1402 1608 1501 1634 vero

141 1648 323 1696 Graeci,
355 1649 422 1704 qui
449 1647 556 1692 hanc
588 1659 715 1691 artem
748 1646 1074 1691 introduxerunt.
1129 1651 1286 1693 Verum
1333 1652 1502 1694 Etrusci

138 1707 268 1762 ipsam
301 1706 479 1746 fortassis
516 1707 563 1748 ad
603 1708 866 1764 perfectionis
899 1708 1058 1763 apicem
1096 1708 1345 1766 reduxerunt
1372 1742 1382 1759 ‚
1416 1725 1501 1752 non

138 1779 236 1806 vero
268 1765 375 1805 illius
410 1775 594 1807 auctores
637 1767 760 1807 fuere.
810 1767 865 1806 At
915 1766 1184 1809 nihilominus
1231 1767 1499 1810 inficiandum

140 1821 245 1863 haud
281 1832 367 1872 est,
404 1823 499 1878 quin
533 1823 656 1866 iidem
684 1824 846 1865 Etrusci
891 1823 930 1864 in
966 1824 1044 1867 hac
1078 1836 1162 1868 arte
1195 1827 1374 1869 celebres
1408 1844 1499 1869 eva·

139 1882 296 1930 serint,
329 1890 367 1922 et
400 1882 721 1935 praeclarissima
762 1882 1068 1937 composuerint
1102 1899 1225 1941 opera
1256 1901 1267 1937 3
1322 1894 1500 1928 attamen

140 1940 420 1993 Quintilianus
452 1940 521 1981 lib.
555 1941 648 1982 XII.
684 1958 718 1983 c.
761 1956 810 1986 10
847 1939 1014 1982 eosdem
1063 1941 1105 1984 in
1144 1952 1230 1985 arte
1262 1943 1393 1983 duros
1426 1959 1497 2000 ap-

138 1999 275 2054 pellat.
314 1997 468 2039 Plinius
500 2000 661 2041 interim
698 1999 901 2057 Apollinis
933 2009 1089 2042 statuae
1119 2001 1369 2043 mentionem
1402 2003 1499 2045 facit

140 2057 234 2097 loco
267 2071 389 2113 supra
422 2058 576 2098 citato:
611 2058 824 2101 Videmus
859 2069 975 2099 certe
1019 2059 1307 2102 Tusca-nicam
1358 2063 1496 2115 Apol-

141 2114 270 2154 linem
304 2116 345 2155 in
386 2117 638 2157 bibliotheca
674 2118 820 2174 templi
851 2116 1040 2173 Augusti
1056 2149 1065 2165 ,
1096 2120 1404 2176 quinquaginta
1418 2135 1493 2174 pe-

142 2171 243 2212 dum
282 2188 308 2213 a
334 2173 526 2228 pollice,
569 2175 737 2217 dubium
780 2190 881 2218 aere
923 2177 1261 2233 mirahzliorem‚
1305 2194 1363 2219 an
1393 2179 1492 2234 pul-

260 2231 452 2278 TomJI.
1042 2249 1090 2288 17

1493 514 1505 531 5
