1920 2579
334 172 383 200 20

334 213 554 256 inducendi
586 211 771 258 Theatris
802 214 990 259 umbram
1020 216 1087 277 (ι)
1120 233 1141 260 a
1172 219 1393 276 Campanis
1417 220 1593 277 primurn
1627 223 1710 264 ori-

335 274 470 327 ginem
504 273 655 318 ducens
688 274 739 316 ad
770 275 977 318 Romanos
1009 278 1202 334 temporis
1232 293 1445 334 progressu
1491 279 1706 323 derivavit..

340 332 472 373 fuere
505 332 625 378 etiam
660 334 850 386 imagines
883 333 1103 377 fornicibus
1134 335 1407 378 adhaerentes.
1453 338 1618 395 Lipsius
1651 338 1703 380 de

336 389 489 446 Amph.
510 406 544 431 c.
578 399 604 442 4
636 392 677 432 in
708 405 851 433 arenae
883 393 1001 448 plano
1033 395 1120 437 Iovi
1151 393 1303 436 Latiari
1335 409 1445 436 aram
1467 426 1485 447 ,
1507 406 1577 437 aut
1613 396 1703 439 Plu-

338 448 423 498 toni
454 463 607 490 sacram
640 451 813 492 extitisse
844 451 982 495 credit.

450 505 495 547 lu
525 509 819 565 amphitheatri
850 524 946 552 vero
975 511 1099 567 plano
1133 510 1256 551 fuisse
1288 511 1416 567 liquet
1462 512 1564 553 imas
1606 525 1701 568 por-

331 563 436 604 tutas
469 581 539 620 per
572 567 713 608 orbem
746 567 899 624 positas
924 599 937 619 ‚
968 583 1072 625 quae
1104 568 1273 625 quidem
1306 580 1421 610 erant
1453 570 1651 612 foramina
1688 604 1704 622 7

332 621 395 662 vel
429 624 603 677 ostiola,
636 641 682 666 ex
713 626 864 683 quibus
897 627 1001 668 ferae
1040 627 1344 670 emittebantur.
1400 626 1706 685 Amphitheatri

330 695 425 720 vero
459 697 545 723 area
579 698 698 724 arena
733 684 799 742 (2)
834 686 1035 727 consterni
1068 686 1144 728 fuit
1175 686 1316 736 solita;
1357 685 1466 726 unde
1515 695 1620 728 recte
1651 691 1705 729 ad

328 753 488 780 arenam
520 744 749 784 descendere
793 742 846 782 ab
891 743 1070 797 antiquis
1103 744 1143 784 iu
1187 743 1485 796 amphitheatri
1532 745 1704 799 planum

326 797 493 845 venire,
531 809 568 837 et
600 798 652 838 ad
683 799 838 853 aliquid
869 798 1161 853 capessendum
1195 799 1274 838 fuit
1315 810 1572 855 usurpatum.
1590 803 1706 842 Prae-

323 862 384 892 ter
416 853 512 895 haec
540 854 770 911 supradicta
803 855 945 899 ostiola
977 856 1088 897 fuere
1121 869 1157 897 et
1186 855 1261 899 alia
1301 855 1412 898 duo:
1448 872 1624 915 quorum
1648 859 1705 900 al-

318 920 451 951 terum
485 923 569 954 erat
599 912 841 956 Libitinense
861 945 872 965 ,
930 928 977 953 ex
1007 929 1091 968 quo
1126 915 1275 954 mortui
1307 914 1589 958 educebantur
1620 917 1704 971 gla-

321 967 508 1011 diatores:
537 970 711 1012 alterum
742 972 837 1011 huic
867 986 887 1011 e
920 969 1081 1025 regione
1113 972 1290 1027 positum
1313 1003 1325 1021 ,
1375 971 1427 1012 de
1459 988 1542 1029 quo
1582 973 1700 1016 silent

319 1025 511 1069 auctores.
544 1030 674 1085 Supra
705 1030 776 1069 has
809 1029 989 1084 portulas
1021 1029 1194 1070 Podium
1226 1040 1312 1070 erat
1364 1030 1589 1072 columellis
1621 1047 1694 1087 per

313 1085 455 1126 orbem
488 1088 807 1145 circumseptum
827 1118 839 1137 ,
871 1097 910 1127 et
944 1087 1021 1127 hoc
1054 1088 1166 1144 pedis
1215 1089 1339 1128 instar
1397 1088 1700 1146 aliquantulum

310 1144 518 1199 prodibat.
1666 1182 1668 1184 ψ

425 1202 521 1245 Post
550 1203 724 1259 podium
755 1203 870 1245 locus
904 1203 987 1245 erat
1019 1202 1071 1243 ad
1104 1203 1383 1258 spectandum
1440 1202 1663 1247 destinatus
1686 1238 1697 1257 ,

309 1258 422 1315 isque
471 1261 556 1303 aliis
588 1263 728 1303 ceteris
760 1261 919 1317 dignior
951 1260 1206 1313 habebatur,
1245 1261 1388 1320 ibique
1436 1261 1696 1319 Impera-toris

311 1329 395 1358 erat
426 1331 664 1376 suggestus,
701 1331 741 1362 et
773 1322 1043 1362 constitutum
1079 1319 1290 1371 tribunal,
1340 1330 1378 1361 et
1414 1322 1693 1375 magistratus,

309 1386 347 1416 et
380 1377 558 1421 Vestales
581 1411 593 1430 ,
626 1378 948 1436 nobilissimique
981 1376 1219 1422 adsistebant
1251 1379 1348 1423 viri.
1382 1380 1528 1421 Statim.
1574 1395 1697 1436 supra

307 1433 382 1475 hos
416 1435 491 1477 alia
541 1437 730 1478 subsellia
779 1448 958 1494 quatuor
982 1468 993 1489 ⁷
1026 1437 1087 1477 vel
1121 1438 1307 1495 quinque
1353 1453 1426 1493 per
1461 1436 1607 1493 gradus
1638 1438 1696 1479 di-

306 1493 449 1535 stincta
497 1496 777 1553 sequebantur
806 1528 821 1548 ,
858 1497 898 1537 in
930 1495 1083 1554 quibus
1133 1507 1247 1538 erant
1290 1506 1532 1548 senatores,
1570 1511 1700 1553 eaquev

315 1667 1677 1686 ffl-fflw-ffl——mm

308 1787 311 1790 ,
405 1750 466 1799 (1)
494 1749 760 1799 Campanorum
811 1760 934 1800 utpote
960 1749 1165 1786 luxuriante
1199 1749 1286 1784 urhe
1312 1760 1375 1797 per
1424 1748 1573 1797 longana
1602 1758 1691 1784 ῐετῐης

305 1809 476 1847 pestatem
494 1827 504 1844 ,
534 1799 639 1836 luxus
666 1802 794 1849 ingens
820 1812 934 1849 usque
979 1798 1212 1848 perduravit:
1243 1799 1331 1833 hinc
1370 1797 1534 1834 velorum
1552 1799 1589 1833 in
1617 1811 1693 1835 am-

307 1849 509 1897 phitheatro
537 1862 624 1885 usus
651 1849 698 1885 ad
732 1851 825 1899 ipsos
850 1850 1030 1885 Romanos
1058 1848 1223 1898 pervenit
1246 1875 1256 1892 ‚
1286 1854 1328 1885 ut
1368 1860 1431 1884 nos
1475 1847 1580 1884 docet
1617 1848 1690 1885 Va-

305 1900 414 1933 lerius
441 1900 623 1935 Maximus
667 1899 729 1936 lib,
760 1900 812 1936 ΙΙ.
840 1912 869 1935 c,
900 1899 934 1935 6.
968 1898 1063 1934 Hinc
1090 1898 1131 1933 in*
1154 1910 1271 1933 surum
1298 1897 1307 1931 i
1337 1896 1591 1945 amphitheatri
1624 1899 1693 1932 cir=

306 1949 537 1985 cumferentia
567 1949 696 1996 partim
721 1949 898 1986 foramina
926 1954 1027 1985 eran-t
1048 1975 1059 1991 ‚
1088 1947 1221 1996 quibus
1268 1946 1350 1981 mali
1392 1946 1436 1981 ad
1478 1946 1687 2001 sustinenda

307 1999 384 2033 vela
411 1999 712 2044 immittebantur,
729 2002 757 2034 si
785 1999 867 2035 solis
894 2008 1011 2033 aestus
1038 2004 1193 2044 urgeret,
1225 1995 1281 2030 vel
1326 1995 1453 2042 pluvia
1489 2006 1683 2043 ingrueret.

305 2048 359 2082 Ea
386 2047 466 2084 vela
494 2049 550 2084 vel
577 2050 705 2092 serica,
736 2049 793 2085 vel
820 2058 1001 2098 purpurea
1028 2052 1139 2081 erant.
1185 2044 1240 2079 De
1271 2043 1369 2080 hisce
1396 2045 1481 2083 velis
1508 2044 1554 2082 ad
1583 2045 1682 2082 theti,

308 2107 401 2132 trum
429 2100 633 2145 praesertim
651 2128 660 2145 ,
689 2099 748 2136 vel
779 2096 1082 2148 amphitheatrum
1109 2093 1351 2145 opacandum
1379 2093 1508 2132 cecinit
1546 2095 1684 2132 Lucre-

306 2146 381 2182 tius
409 2147 472 2183 tib.
500 2148 553 2184 VI
577 2161 611 2185 ν,
645 2149 727 2184 108.

407 2198 465 2246 (2)
492 2197 586 2234 Hinc
612 2197 780 2249 temporis
806 2209 992 2247 progressu
1019 2195 1064 2232 ad
1092 2208 1168 2233 eam
1196 2194 1494 2243 magnificentiam
1521 2201 1573 2231 est
1590 2207 1675 2244 pero>

306 2253 454 2282 ventum
472 2275 481 2291 ,
509 2255 551 2284 ut
578 2243 746 2299 Caligula
772 2246 1026 2297 chrysocollam
1056 2253 1091 2282 et
1133 2245 1290 2281 minium
1327 2245 1366 2279 inv
1406 2243 1672 2300 amphitheatro

306 2297 424 2345 spargi
452 2299 611 2342 curarit,
640 2308 676 2334 et
703 2299 799 2338 Nero
823 2297 1049 2335 cinnabarim·
1074 2295 1308 2343 adiecerit7ut
1334 2294 1459 2332 scribi-t
1474 2293 1674 2344 Tranquil-

307 2346 364 2383 lus
391 2348 429 2383 in
459 2360 584 2388 eorum
610 2348 703 2388 Vita.
