1920 2579
150 1143 276 1171 Theatra.

332 150 413 191 132

443 208 532 248 Hoc
575 206 771 262 templum
809 204 886 247 fuit
922 205 1007 247 sine
1043 214 1183 250 tecto:
1220 207 1464 266 abantiquis
1483 207 1694 254 huiusmo-¹

325 264 367 305 di
405 267 521 306 aedes
547 274 680 323 Ρπετροι
723 265 830 306 dicta
862 264 1059 317 fuerunt,
1095 265 1138 306 in
1175 267 1290 308 cuius
1320 265 1539 322 parietilms
1582 268 1698 325 depi<

325 334 412 365 ctae
449 334 544 365 sunt
580 323 798 366 nonnuIlae
830 324 976 365 Isiacae
1011 322 1198 380 figurae,
1240 335 1286 367 ut
1316 324 1451 367 Ibides
1474 356 1485 377 ,
1518 327 1697 384 Ippopo-

324 383 449 433 tami,
490 382 670 439 aliaeque
705 383 748 424 id
780 397 917 439 genus.
946 382 1040 423 Hoc
1071 382 1194 438 igitur
1213 383 1415 426 intectum
1434 394 1493 424 est
1512 415 1525 434 ,
1555 400 1600 427 ac
1619 403 1688 443 pe-

322 440 480 495 ristylio
517 441 819 484 circumdatum
842 459 851 483 ·.
883 441 925 480 in
959 442 1104 497 quovis
1125 440 1248 483 latere
1267 441 1494 497 adsurgunt
1512 454 1606 485 octo
1627 459 1697 486 co-

323 500 489 540 lumnae
526 515 572 541 ex
611 511 892 551 marmorato,
925 497 1108 556 aliaeque
1146 500 1294 542 adsunt
1339 501 1494 542 circum
1531 503 1691 545 circiter

324 556 469 599 ordine
515 561 667 602 Dorico
708 574 854 603 novem
897 557 1082 614 pedibus.
1124 558 1171 601 In
1209 559 1349 614 templi
1403 559 1537 601 medio
1583 561 1696 602 adest

323 615 535 668 aedicula,
568 617 610 658 in
646 619 760 660 cuius
801 627 977 658 extrema
1007 628 1120 673 parte
1153 627 1250 658 sunt
1287 615 1372 658 duo
1404 633 1451 658 ex
1487 633 1694 662 marmore

324 674 505 730 gradus,
552 675 701 731 quibus
737 674 1016 718 sanctuarium
1053 675 1254 716 adibatur.
1305 674 1408 716 Heio
1459 675 1538 716 fuit
1572 679 1697 720 situm

322 736 433 774 Deae
472 734 631 788 signum
651 765 662 786 ,
695 734 769 776 sub
803 748 887 790 quo
915 732 1059 782 locus,
1086 733 1157 772 ubi
1188 731 1416 775 sacerdotes
1448 732 1597 789 seipsos
1628 734 1701 776 ab·

324 790 476 831 debant
499 821 512 841 ,
542 806 626 848 quo
662 791 817 848 populo
855 790 1120 832 oraculorum
1149 788 1295 832 darent
1325 804 1530 847 responsa.
1566 791 1695 835 Adest

319 849 440 890 etiam
480 850 522 889 in
561 849 708 892 eodem
743 850 902 906 templo
939 849 1161 889 sacrarium
1190 862 1287 891 cum
1325 847 1451 892 fonte.
1499 848 1623 892 Plura
1657 853 1698 894 in

320 921 368 949 eo
407 908 522 948 fuere
548 908 786 960 effuderam,
821 922 924 966 quae
954 906 1006 947 ad
1036 906 1297 950 sacerdotum
1331 923 1453 951 usum
1498 908 1701 964 pertinue-

320 975 432 1008 runt.
471 966 595 1007 Haud
630 967 749 1022 longe
779 965 829 1008 ab
858 965 1066 1020 descripto
1104 966 1258 1020 templo
1293 966 1408 1007 aliud
1430 964 1702 1021 adsurgebat,

320 1025 435 1065 euius
481 1039 593 1066 nunc
625 1025 692 1065 vix
725 1023 873 1068 rudera
914 1030 1132 1079 supersunt
1175 1036 1273 1067 cum
1309 1021 1515 1065 nonnullis
1549 1024 1695 1070 ordine

319 1084 472 1126 Dorico
506 1082 720 1125 columnis.
1561 1130 1563 1132 q

436 1143 533 1185 Duo
567 1142 744 1183 Theatra
776 1139 988 1197 magnifica
1021 1140 1180 1183 detecta
1230 1140 1386 1195 integra
1422 1138 1535 1180 fuere
1557 1172 1569 1190 ,
1603 1155 1698 1197 quo·

322 1216 417 1244 rum
443 1201 618 1244 alterum
649 1216 669 1241 a
704 1201 861 1241 Latinis
891 1199 1054 1242 Odeum
1076 1232 1092 1251 ,
1123 1216 1145 1241 a
1180 1199 1347 1250 Graecis
1376 1204 1511 1242 Οδέιον
1528 1199 1702 1255 (Ιίἐῑυῐῑι,’

324 1259 439 1318 quod
468 1270 622 1301 tectum
656 1258 777 1300 fuisse
814 1269 993 1316 apparet.
1027 1261 1225 1301 Prostant
1262 1256 1398 1300 adhuc
1434 1256 1586 1315 lapides
1630 1275 1695 1302 ae·

328 1320 415 1362 neis
450 1316 782 1361 characteribus:
1437 1327 1440 1329 ’

323 1438 363 1474 Μ
388 1465 394 1474 .
419 1433 705 1475 OCULATIUS
731 1463 739 1473 .
760 1435 799 1472 M
823 1463 830 1472 .
851 1433 880 1472 F
898 1463 907 1474 .
925 1429 1085 1477 VERUS
1112 1464 1119 1473 .
1139 1431 1212 1471 VII
1234 1462 1242 1470 .
1263 1432 1483 1472 VIR0PRO
1500 1459 1509 1469 .
1528 1433 1673 1471 LUDIS

329 1558 368 1588 et
403 1548 443 1588 in
481 1548 633 1604 postica
667 1557 782 1603 parte
820 1547 886 1588 hic
914 1547 1014 1588 alius
1045 1545 1175 1603 lapis:

329 1790 397 1825 hac
439 1789 669 1840 inscriptione
695 1793 779 1829 satis
805 1797 903 1840 patet
932 1815 943 1838 5
971 1802 1126 1842 puerum
1171 1780 1353 1839 quendam
1390 1789 1548 1839 quinque
1584 1800 1696 1823 annos

330 1840 527 1926 hapentengxl
566 1854 607 1877 ex
624 1841 774 1881 Decreto
800 1842 1048 1881 Decurionum
1074 1841 1303 1880 Misenatium
1332 1841 1369 1876 in
1398 1852 1505 1876 suum
1533 1838 1697 1875 ordinem

335 1891 441 1926 fuisse
469 1904 487 1926 a
531 1897 679 1929 ectum:

561 2062 590 2097 C
620 2088 629 2098 .
658 2060 779 2098 IULII
809 2089 816 2097 .
844 2061 874 2097 C
901 2087 911 2095 .
941 2061 970 2095 F
999 2092 1008 2100 .
1039 2063 1101 2098 CL
1132 2091 1140 2099 .
1169 2056 1458 2099 HEGEMONIS

643 2113 806 2149 ADLEC
837 2139 847 2150 .
879 2111 930 2150 ΙΝ
958 2137 968 2147 .
995 2113 1148 2150 ORDIN
1177 2141 1186 2149 .
1215 2110 1382 2149 DECUR

514 2161 689 2203 MISENI
715 2189 726 2199 .
749 2162 838 2199 VIX
867 2189 876 2199 .
905 2160 973 2199 AN
1003 2192 1012 2201 .
1041 2165 1074 2199 V
1101 2190 1110 2200 .
1135 2165 1212 2201 M.
1242 2162 1331 2200 VI„
1359 2161 1392 2197 D
1422 2188 1430 2198 .
1460 2158 1513 2196 VI

665 2214 694 2250 C
724 2242 734 2252 .
761 2212 928 2249 IULIUS
959 2241 967 2249 .
994 2213 1240 2251 HEGEMON
1268 2239 1278 2250 .
1302 2210 1370 2248 ET

694 2263 863 2303 CASSIA
892 2290 902 2299 .
931 2264 1130 2300 VRBANA
1159 2291 1168 2301 .
1197 2262 1327 2303 FILIO

859 2313 1163 2354 DULCISSIMO
