1920 2579
348 103 406 141 32

345 169 383 197 et
418 170 464 196 ex
499 151 656 196 oriente}
689 152 970 211 provenientes
1004 169 1084 196 uon
1117 169 1195 196 una
1227 155 1340 204 vice,
1370 156 1437 198 sed
1457 156 1605 212 pluries
1635 160 1717 201 Ita-

341 217 436 255 liam
468 213 568 254 adeo
602 225 846 266 everterunt,
871 224 913 254 ut
944 214 1105 270 penitus
1136 214 1186 254 ab
1221 212 1285 254 illa
1318 214 1605 257 florentissima
1628 234 1714 260 ma-

340 275 512 323 iestate,
550 276 588 313 in
621 287 701 328 qua
738 288 863 328 usque
897 283 993 314 tunc
1041 284 1346 329 permanserat,
1395 273 1435 314 in
1487 276 1708 331 pessimum

339 331 583 372 adduxerint
612 341 775 372 statum.
805 330 1051 388 Campania,
1085 341 1225 388 utpote
1257 341 1459 374 terrarum
1491 349 1580 389 pars
1596 351 1712 391 prae,-

340 402 402 432 ter
433 405 573 435 omnes
605 388 887 431 florentissima
907 422 918 440 ,
951 401 1203 446 cunctaeque
1235 390 1354 432 urbes
1387 392 1573 433 ultimam
1622 395 1710 434 rui*

342 464 438 490 nam
460 480 472 498 ,
505 458 627 503 atque
662 448 792 489 satum
825 460 1010 503 expertae
1041 449 1168 491 fuere.
1203 448 1416 490 Infinitum
1448 462 1546 492 esset
1577 452 1712 507 singu-

342 508 379 547 la
414 522 598 548 enarrare
617 538 628 556 ,
662 507 818 563 quoties
851 508 901 549 ab
930 507 1007 549 illis
1036 507 1211 548 efferatis
1243 507 1492 564 perditisque
1523 510 1710 564 gentibus

344 565 441 607 urbs
473 564 631 606 Puteoli
665 576 777 621 rapta
797 597 808 619 ‚
841 577 962 623 atque
995 576 1186 606 cremata.
1219 565 1325 605 Nam
1361 581 1454 621 prae
1474 569 1613 609 ceteris
1639 585 1710 609 an-

346 639 401 666 no
436 623 634 665 MDLIV.
667 624 940 665 Oeuobarbus
988 623 1259 664 Solimanicae
1290 623 1436 671 :classis
1485 628 1709 681 praefectus

339 684 420 724 fuit
453 692 625 722 vastatus
657 681 883 731 Inarimen,
918 683 1246 739 Prochytamque
1290 681 1468 734 insulas3
1518 687 1713 727 Puteolos!

335 751 437 782 tunc
470 740 644 780 invictus
678 742 827 782 Psoi-cx
860 743 1003 781 Petrus
1035 739 1085 780 de
1120 739 1278 781 Toledo
1311 740 1525 796 prudentia
1568 742 1710 784 defen-

336 798 424 850 dit,
461 798 655 853 iliamque
689 797 832 839 urbem
866 814 911 838 ex
943 799 1110 840 immani
1149 797 1422 839 Barbarorum
1456 799 1566 841 clade
1613 799 1710 842 libe-³

334 858 452 898 ravit.
488 856 673 898 Tandem
708 871 728 897 a
761 857 929 899 diversis
962 857 1047 897 aliis
1083 856 1255 898 ducibus
1286 871 1403 913 saepe
1437 858 1513 900 fuit
1544 873 1715 922 egcupaz

332 927 372 956 ta
398 947 410 966 ‚
445 926 482 956 et
520 915 711 971 populata
732 945 741 961 ‚
774 932 876 973 quos
912 931 959 956 ne
991 917 1032 956 in
1066 916 1233 970 longum
1265 917 1608 972 progrediamur,
1660 920 1711 959 si—

336 973 461 1016 lentio
495 976 775 1029 praeterimus,

452 1034 489 1074 A
523 1032 804 1074 Barbarorum
837 1033 1025 1075 manibus
1059 1032 1194 1089 erepta
1227 1033 1370 1076 millies
1403 1035 1498 1076 urbs
1521 1066 1532 1086 ‚
1571 1034 1708 1085 coeli,

332 1091 513 1145 aerisque
545 1090 800 1132 inclementia
833 1091 982 1144 pluries
1016 1091 1266 1134 horrendum
1299 1093 1420 1135 subiit
1455 1094 1598 1133 fatum.
1621 1094 1708 1134 An·

332 1164 387 1189 no
419 1148 594 1190 MCXC.
618 1149 794 1190 Vulcani
825 1152 979 1191 Forum
1015 1160 1173 1190 tantum
1194 1149 1593 1208 igne,lapidibusque
1617 1165 1714 1192 con-v

331 1207 536 1262 flagravit,
575 1216 620 1248 ut
653 1223 734 1249 non
766 1209 898 1250 solum
933 1209 1106 1248 vicinam
1138 1208 1364 1250 incenderit
1398 1209 1622 1263 regionem,
1645 1224 1711 1250 ve-

331 1281 426 1307 rum
464 1266 583 1306 etiam
617 1266 736 1308 urbes
766 1267 1011 1324 longinquae
1042 1275 1159 1308 mutu
1194 1277 1323 1308 terrae
1346 1267 1588 1319 desederint3
1607 1268 1703 1307 hinc

334 1336 443 1365 auno
490 1323 879 1367 MCCCCXLVIII.
926 1324 1211 1374 reaedificata,
1259 1325 1449 1381 idemque
1500 1335 1716 1366 consecuta

333 1382 435 1423 adeo
468 1381 632 1436 fatum,
668 1394 711 1423 ut
744 1382 963 1439 perplures
985 1384 1160 1422 emortui
1192 1383 1273 1424 sint
1305 1383 1381 1423 sub
1417 1383 1527 1423 urbis
1571 1383 1713 1423 ruinis.

333 1439 446 1483 Nihil
481 1440 570 1480 heic
602 1439 652 1481 de
685 1451 886 1482 terrarum
925 1440 1104 1482 motibus
1140 1441 1235 1481 anni
1268 1440 1586 1483 MDXXXVHI.
1611 1440 1714 1482 nihil

338 1498 389 1539 de
420 1497 489 1540 illo
524 1499 619 1540 anni
653 1498 930 1542 MDCXCWI.
965 1513 1048 1555 quo
1099 1507 1285 1555 tempore
1332 1499 1535 1541 horrenda
1583 1500 1718 1555 pluvia

338 1557 485 1600 urbem
519 1558 685 1609 evertit,
718 1559 919 1614 pluraque
958 1555 1137 1597 aedificia
1170 1558 1376 1612 conlapsa.
1455 1574 1457 1576 ’

458 1616 588 1669 Super
620 1617 698 1657 hoc
729 1616 847 1657 litore
892 1615 1004 1672 pl‘ura
1055 1614 1306 1670 antiquitatis
1352 1616 1527 1670 pretiosa
1572 1630 1719 1657 monu-

343 1683 480 1717 menta
513 1674 624 1714 fuere
659 1684 827 1730 reperta.
850 1673 959 1715 Cum
992 1674 1098 1714 enim
1136 1683 1338 1715 exaestuat
1369 1689 1480 1715 mare
1502 1706 1514 1727 ‚
1536 1685 1633 1715 tune
1656 1689 1721 1716 νει,

340 1736 397 1775 ria
430 1731 670 1788 lapiilorum
703 1747 847 1788 genera
879 1732 1028 1773 fluctus
1070 1731 1222 1787 ubique
1271 1732 1507 1786 proiiciunt.
1553 1732 1721 1773 Adhaec

339 1780 489 1848 13⁴assim
518 1789 589 1831 alia
625 1800 783 1849 reperta
819 1792 994 1845 argenti,
1028 1792 1198 1846 aurique
1232 1791 1375 1833 frusta.
1413 1791 1549 1833 Variis
1598 1791 1721 1831 etiam

343 1853 381 1891 in
417 1849 515 1891 locis
547 1849 683 1904 plures
716 1851 902 1890 inventae
940 1860 1033 1892 sunt
1067 1859 1252 1899 statuae,
1285 1850 1443 1890 nummi
1475 1864 1572 1891 cum
1619 1848 1723 1890 bove

342 1910 573 1950 humanam
605 1908 750 1950 faciem
784 1909 1108 1965 praeseferente,
1142 1908 1425 1965 inscriptiones
1445 1939 1458 1958 ,
1495 1908 1650 1965 aliaque
1682 1905 1724 1947 id

346 1968 519 2022 generis,
555 1967 794 2015 Hodiedum
828 1967 1101 2009 Puteolanum
1134 1966 1265 2007 solum
1303 1977 1363 2006 est
1395 1966 1555 2023 penitus
1587 1965 1637 2006 ab
1653 1980 1724 2005 an-

347 2026 463 2082 tiquo
499 2025 515 2082 (
549 2036 593 2067 ut
624 2028 678 2067 ita
709 2024 841 2066 dicam
873 2025 890 2082 )
925 2036 1030 2067 statu
1063 2025 1330 2066 immutatum
1355 2035 1522 2081 propter
1542 2021 1721 2065 assiduos

353 2094 490 2126 motus
525 2094 676 2135 terrae,
709 2093 747 2125 et
779 2085 1009 2127 vicinorum
1041 2085 1310 2124 vulcanorum
1359 2083 1724 2138 conflagratione53

353 2142 537 2197 nihilque
569 2144 679 2185 aliud
712 2153 833 2183 restat
864 2142 913 2183 de
960 2143 1124 2198 antiqua
1174 2140 1307 2191 urbe,
1359 2157 1485 2197 quam
1531 2142 1728 2182 immensa

354 2201 502 2257 passim
534 2212 688 2243 vetusta
721 2200 1001 2243 aedificiorum
1036 2215 1119 2242 nou
1151 2200 1285 2242 solum
1317 2200 1608 2257 publicorum,
1662 2214 1727 2239 veq

356 2273 447 2304 rum
483 2259 605 2303 etiam
639 2262 893 2318 privatorum
926 2259 1074 2303 rudera
1106 2259 1183 2303 sub
1213 2259 1421 2303 immensis
1455 2259 1550 2318 ipsis
1584 2258 1728 2308 ruinis,
