1920 2579
1437 156 1491 198 25

143 231 189 262 ut
220 217 347 271 iurgia
379 215 590 266 eveniret,
623 214 728 269 leges
765 212 862 254 hinc
895 210 1024 254 editae
1040 211 1093 254 ab
1127 212 1316 268 Augusto
1358 175 1525 255 suerun9t

147 293 230 337 quo
269 275 413 318 iisdem
442 274 606 316 obviam
635 271 775 332 {gadum
808 272 1030 313 Suetonius
1070 273 1111 313 in
1143 272 1229 312 eius
1280 272 1369 312 Vita
1405 287 1438 313 e.
1472 282 1528 324 44

146 335 371 380 memoriae
408 331 586 390 prodidit
607 332 640 382 ,¹
660 331 792 387 ipsum
824 329 951 385 legem
991 330 1128 371 tulisse
1161 330 1211 371 de
1241 329 1419 372 sedendo
1473 332 1524 372 ad

149 395 421 452 Spectacula,
471 405 554 447 quo
602 403 736 432 mores
767 389 998 443 corrigeret.
1049 388 1157 430 Cum
1192 391 1298 429 enim
1348 389 1526 431 Puteolis

149 462 310 496 senator
351 449 520 508 quidam
553 450 593 489 in
628 447 944 503 Amphitheatro
997 448 1102 489 male
1143 457 1243 489 esset
1290 458 1476 504 aceeptus
1514 479 1526 498 ‚

151 513 249 553 hinc
283 508 507 564 Imperator
540 507 618 548 fuit
650 515 811 548 coactus
841 520 992 549 novam
1046 505 1306 563 promulgare
1353 506 1479 560 legem
1516 524 1525 542 :

154 571 304 612 Motus
336 567 491 608 iniuria
530 564 778 616 senatoris,
814 579 941 622 quem
981 565 1175 606 Puteolis
1200 580 1284 620 pet·
1333 566 1525 605 celeber-

157 629 292 669 rimos
325 624 449 666 ludos
480 638 689 666 consessu
707 624 966 680 frequenter·
994 638 1123 664 nemo
1156 633 1390 677 receperat.
1441 622 1529 663 Fa-

156 696 226 727 cto
266 685 395 740 igitur
426 682 598 724 decreto
634 692 807 737 patrum
828 713 838 733 ‚
879 691 924 723 ut
958 682 1124 739 quoties
1193 683 1292 740 quid
1339 691 1535 735 spectan-

153 744 256 787 dum
293 757 475 800 usquam
509 742 680 796 publico
734 740 957 793 ederetur,-
1005 741 1175 795 primus
1221 741 1529 781 subselliorum

153 803 264 844 ordo
301 810 474 844 vacaret
500 800 797 841 senatoribus:
834 799 1001 840 Romae
1033 799 1202 855 legatos
1243 800 1470 840 liberarum
1507 830 1521 849 ,

158 866 466 917 sociarumque
503 859 693 915 gentium
726 862 858 899 vetuit
888 858 932 898 in
971 857 1194 898 orchestra
1242 857 1473 898 considere
1508 888 1522 906 ‚

158 934 288 977 quum
323 919 452 958 etiam
497 917 685 958 libertini
717 920 890 973 generis
926 916 1034 958 mitti
1051 914 1417 972 deprehendisset.
1439 915 1526 956 Mi-

153 979 272 1020 litem
307 975 496 1017 secrevit
529 991 557 1016 a
592 979 771 1030 populo.

271 1037 378 1076 Haec
410 1034 742 1087 Spectaculorum
774 1034 988 1076 delectatio
1019 1047 1101 1074 non
1146 1033 1279 1074 solum
1328 1033 1484 1073 Romae
1514 1035 1753 1095 ,hgdgnwshwn

157 1094 227 1136 sed
263 1095 381 1135 etiam
419 1091 504 1132 aliis
535 1091 705 1134 urbibus
735 1092 930 1135 divitibus
962 1091 1224 1147 Reipublicae
1255 1089 1444 1131 subiectis
1467 1075 1758 1133 ex-isslffplssissiialiss

155 1154 248 1194 mit.
286 1153 395 1192 Ante
426 1149 632 1202 diximus,
667 1165 787 1192 usum
817 1152 859 1191 in
890 1151 1072 1190 Theatro
1103 1148 1310 1189 Romanos
1362 1147 1446 1189 vela
1478 1148 1532 1188 in·
1545 1142 1578 1166 Μ
1600 1141 1759 1174 ⁵⁹²⁶‘³⁰““⁴·

155 1208 364 1261 ducendi,
396 1222 419 1248 a
451 1207 669 1263 Campanis
701 1209 898 1265 accepisse
921 1239 934 1258 ,
963 1217 1088 1263 atque
1121 1207 1242 1249 etiam
1297 1205 1539 1262 gladiatores

154 1269 206 1310 ad
238 1281 394 1310 mensas
433 1265 776 1311 adhibuissesEx
809 1267 959 1324 quibus
991 1265 1087 1307 satis
1121 1265 1328 1320 colligitur
1360 1267 1537 1322 Campa·

158 1340 231 1370 nos
266 1328 376 1381 ipsos
408 1323 507 1377 olim
539 1324 715 1366 celebres
754 1325 880 1366 fuisse
913 1327 953 1365 in
986 1325 1236 1380 Spectaculis
1255 1323 1536 1366 edendis.Lu-

158 1386 233 1429 dus
274 1385 396 1425 etiam
449 1381 745 1436 gladiatorius,
777 1384 849 1440 qui
892 1383 1059 1439 Capuae
1115 1382 1214 1424 olim
1261 1382 1418 1435 extitit,
1453 1384 1544 1424 satis

159 1440 370 1491 ostendit,
402 1440 507 1481 hanc
541 1439 683 1481 urbem
719 1441 1026 1483 celeberrimam
1077 1441 1230 1491 fuisse,
1277 1454 1382 1496 quae
1423 1441 1545 1484 etiam

159 1500 526 1558 Amphitheatrum
581 1500 1037 1553 magnificentissimum
1059 1531 1072 1550 ,
1122 1509 1163 1540 et
1213 1499 1439 1541 Theatrum
1470 1500 1541 1541 ha-

160 1563 278 1603 buit:
336 1567 540 1614 praetereo
587 1556 686 1600 alias
719 1559 838 1600 urbes
873 1560 913 1599 in
946 1560 1035 1600 solo
1083 1558 1294 1613 Campano
1342 1558 1491 1614 positas
1524 1590 1538 1609 ,

161 1633 264 1678 quae
294 1615 473 1658 aedificia
510 1615 660 1657 isthaec
692 1616 951 1673 possidebant
971 1649 984 1667 ,
1016 1618 1075 1658 uti
1110 1616 1362 1666 Minturnae,
1414 1617 1544 1674 Aqui-

163 1692 264 1720 num
287 1709 298 1731 ,
331 1675 460 1718 Atella
482 1704 493 1724 ,
528 1676 743 1730 Pompeii,
774 1675 1101 1727 Herculaneum,
1132 1675 1318 1728 Puteoli,
1362 1676 1543 1733 aliaeque

167 1735 288 1778 urbes
319 1731 600 1775 nobilissimae.
620 1734 674 1775 Et
691 1748 732 1775 re
765 1750 858 1776 sane
890 1749 983 1775 vera
1018 1733 1136 1776 urbes
1154 1734 1250 1774 istae
1269 1734 1308 1773 in
1342 1742 1427 1775 tam
1448 1733 1542 1774 bea-

169 1806 213 1836 to
247 1804 447 1835 terrarum
478 1790 586 1833 orbis
617 1793 794 1847 angulo,
842 1803 880 1835 et
914 1793 953 1833 in
987 1794 1090 1848 agris
1121 1791 1376 1834 fertilissimis
1389 1792 1542 1849 positae

166 1850 413 1894 commercio
448 1860 529 1890 tarn
571 1851 695 1892 divite
728 1850 976 1907 gaudentes,
1012 1850 1101 1893 ullis
1132 1850 1245 1892 hellis
1265 1852 1439 1893 externis
1464 1860 1547 1892 tur-

165 1912 279 1952 batae
303 1942 313 1962 ‚
346 1908 446 1950 nihil
476 1906 588 1950 aliud
619 1911 657 1950 in
693 1912 828 1951 animo
860 1909 1092 1961 habebant,
1142 1924 1267 1966 quam
1314 1907 1545 1950 delectatio-

167 1985 260 2011 nem
282 2001 294 2018 ,
328 1967 445 2010 ludos
469 1999 481 2018 ‚
512 1978 632 2026 atque
662 1984 854 2024 agrorum
888 1968 1021 2024 fruges
1055 1967 1270 2009 ditissimas
1292 1999 1304 2018 ,
1337 1979 1382 2009 ut
1430 1967 1545 2008 beate

167 2029 359 2068 viverent.
392 2029 499 2068 Hinc
532 2027 635 2068 inter
664 2042 804 2069 omnes
835 2027 927 2068 alias
959 2028 1131 2070 Romani
1163 2026 1328 2084 Imperii
1364 2026 1546 2081 regiones

168 2086 278 2126 ltalia
311 2101 417 2136 una,
450 2096 487 2126 et
521 2086 757 2142 praesertim
787 2085 1012 2142 Campania
1044 2085 1094 2126 ad
1145 2096 1248 2127 recte
1296 2084 1545 2141 feliciterque

166 2143 385 2186 vivendum
418 2143 602 2185 animum
635 2143 934 2185 accomodabat.
964 2145 1072 2186 Hinc
1106 2144 1228 2186 etiam
1262 2153 1348 2195 est,
1382 2153 1426 2182 ut
1476 2155 1546 2181 au-

170 2212 297 2245 ctores
328 2202 518 2258 antiqui,
552 2213 590 2243 et
636 2203 851 2260 praecipue
882 2213 1023 2258 poetae
1056 2214 1114 2247 tot
1135 2200 1318 2242 encomia
1338 2199 1389 2241 de
1423 2198 1545 2241 Cam-

170 2262 286 2314 pania
315 2260 650 2316 praesetulerint,
683 2271 721 2302 et
753 2271 815 2302 tot
845 2260 1040 2303 ludorum
1063 2293 1076 2312 ,
1130 2270 1169 2300 et
1219 2256 1546 2315 spectaculorum

168 2320 315 2373 species
349 2333 474 2375 usque
506 2320 782 2377 scriptitarint.
815 2319 897 2362 Tot
929 2319 1049 2362 urbes
1067 2318 1232 2361 theatris
1253 2348 1264 2367 ,
1297 2314 1547 2375 amphithea-

1159 2378 1173 2394 fl
