1920 2579
1458 128 1534 176 137

157 184 290 227 adhuc
307 183 532 226 vulcanicas
564 190 697 225 extare
733 180 876 237 probat
896 180 1090 223 materias.
1107 181 1155 223 Id
1172 182 1292 222 etiam
1314 181 1532 224 confirmat

157 244 423 285 Hamiltonus
450 242 604 297 Anglus
627 241 784 298 physio.
799 242 1006 296 Experim.
1041 241 1157 292 Quid
1176 241 1251 282 sibi
1278 242 1439 282 tandem
1462 257 1532 284 vo-

156 303 248 343 lunt
266 301 563 343 eruderationes
585 301 687 352 illae,
706 314 810 356 quae
839 299 879 338 in
914 298 997 340 dies
1015 315 1060 341 ex
1076 300 1292 342 vulcanicis
1311 300 1386 341 iilis
1408 313 1531 343 mate·

154 361 237 411 riis,
255 375 353 415 quas
383 364 545 416 piperno
575 373 786 407 vocamus,
805 356 1040 399 efficiuntur
1071 359 1180 416 apud
1203 361 1311 402 vicos
1335 360 1528 413 Socccwa,

157 429 196 460 et
228 418 437 468 Pinnata,
470 420 543 459 nisi
578 418 782 457 materiem
817 431 840 456 a
869 417 1119 472 temporibus
1153 435 1279 475 usque
1312 420 1531 460 remotissi-

159 478 236 518 mis
267 491 287 517 e
319 486 445 517 terrae
478 476 695 517 visceribus
728 475 1004 530 productam?
1039 475 1099 515 Ea
1120 477 1158 516 in
1178 477 1358 518 inferiori
1382 480 1530 519 montis

156 544 271 590 parte
305 536 531 588 reperitur,
578 535 648 590 qui
693 533 870 575 subiacet
915 533 1058 586 alteri,
1106 550 1228 591 quem
1279 535 1529 591 appellamus

155 595 217 635 de'
237 592 471 635 Camaldolt.
508 592 700 647 Superior
733 605 822 652 pars
854 603 912 632 est
945 591 1124 648 tofacea,
1149 609 1251 650 quae
1283 595 1402 636 etiam
1436 597 1526 639 vul·

158 653 317 693 canicas
356 653 460 693 inter
493 651 679 693 materias
712 654 774 694 esti
798 650 1117 696 adnumeranda.

214 709 279 751 Ex
309 711 370 751 his
389 726 515 767 usque
532 709 654 752 modo
673 710 790 751 dictis
807 708 1033 750 luculenter
1048 712 1219 763 eruitur,
1250 713 1398 754 Auiani
1417 710 1528 755 lacus

158 769 391 826 propinqua
407 768 495 809 loca
511 768 612 809 nihil
629 768 737 810 aliud
753 769 846 818 esse,
880 783 1002 824 quam
1037 770 1178 823 ignitas
1211 771 1396 811 materias
1429 771 1531 814 olim

161 830 443 870 eructatas.At
461 841 542 884 quo
563 838 744 884 tempore
760 827 799 867 id
822 827 973 868 evenit?
991 827 1066 868 hoc
1085 838 1184 869 esset
1214 829 1527 885 experiundum:

160 895 426 927 monumenta
445 885 753 926 certedeficiuut
772 886 820 925 ad
836 886 911 925 hoc
927 885 1253 940 probandum,et
1272 887 1404 929 nullus
1424 888 1529 931 inter

158 942 347 999 antiquos
377 944 487 984 adest
518 954 719 994 auctores,
737 946 805 1000 qui
831 944 870 984 id
887 944 996 984 sciat.
1015 945 1118 984 Sunt
1140 960 1234 986 vero
1255 946 1326 1002 qui
1344 947 1526 989 scribunt

158 999 364 1042 Romanae
383 1000 641 1057 Reipublicae
673 1013 867 1058 tempore,
889 1002 997 1042 hune
1027 1001 1160 1043 lacum
1194 1004 1304 1045 haud
1337 1006 1523 1057 extitisse,

156 1072 231 1100 nec
269 1062 426 1100 nonnisi
463 1060 637 1101 multum
656 1072 744 1117 post
764 1072 923 1114 tempus
953 1061 1085 1115 ipsum
1111 1061 1374 1103 efformatum
1389 1064 1522 1104 fuisse.

157 1116 204 1158 In
235 1117 339 1159 hanc
371 1119 608 1160 seutentiam
630 1118 834 1159 descendit
856 1117 916 1158 Cl.
954 1117 1301 1175 Mazochius,qui
1341 1131 1526 1164 autumat

159 1176 334 1217 eundem
366 1177 628 1218 exsurrexisse
663 1178 822 1217 saeculo
855 1176 928 1217 XI.
967 1187 1059 1232 post
1091 1187 1232 1218 natum
1284 1179 1524 1233 Christum,

153 1234 265 1290 quod
300 1233 513 1275 confirmat
539 1234 786 1277 Breislakius
806 1246 965 1291 topogr,
998 1234 1084 1277 fisic
1118 1250 1204 1293 pag.
1239 1240 1323 1291 234
1354 1239 1425 1294 qui
1447 1239 1525 1280 hoc

158 1294 333 1336 evenisse
383 1293 510 1335 credit
559 1295 661 1336 circa
704 1309 856 1334 annum
910 1293 1189 1339 MCXCVIII.
1236 1296 1430 1338 Federico
1476 1298 1526 1338 Π.

156 1351 326 1408 Neapoli
359 1355 561 1406 regnante.

273 1412 328 1452 At
360 1411 432 1466 qui
461 1409 546 1451 fieri
573 1422 758 1467 poterat,
794 1423 837 1453 ut
870 1412 977 1453 lacus
1009 1412 1191 1454 Auienus
1224 1424 1315 1469 post
1349 1424 1408 1454 tot
1442 1430 1526 1455 sae-

153 1469 243 1511 cula
274 1469 397 1510 fuerit
426 1468 705 1511 efformatus?
737 1470 839 1512 Pace
872 1470 975 1512 bona
1009 1470 1072 1513 Cl.
1109 1471 1306 1512 Mazochii
1361 1473 1400 1513 id
1435 1488 1522 1514 cre-

151 1527 334 1570 dendum
366 1526 476 1567 haud
507 1529 676 1570 omnino
709 1539 766 1569 est
830 1546 921 1570 cum
956 1530 1061 1570 enim
1099 1541 1284 1580 montes,
1323 1530 1524 1588 collesque

152 1587 223 1644 qui
255 1585 389 1626 lacum
421 1586 696 1638 circumeant,
730 1597 768 1626 et
802 1603 893 1628 cum
929 1590 1012 1643 ipse
1044 1598 1125 1627 tam
1162 1589 1388 1643 profundus
1419 1591 1467 1631 sit
1509 1623 1521 1640 ,

152 1645 320 1686 ubinam
357 1639 418 1685 tot
450 1658 578 1700 aquae
599 1677 613 1695 ‚
650 1659 754 1701 quae
785 1646 1033 1702 quotidianis
1066 1645 1284 1702 dispendiis
1318 1664 1364 1691 ex
1385 1649 1526 1690 iisdem

150 1704 356 1760 percolent
390 1702 619 1752 montibus,
655 1706 712 1744 ire
744 1703 982 1746 debebant?
1014 1704 1102 1745 heic
1137 1706 1213 1746 loci
1261 1722 1332 1748 nec
1365 1709 1528 1764 euripus

155 1762 323 1819 aliquis,
355 1777 427 1802 nec
459 1761 738 1816 aquaeductus
770 1778 948 1818 unquam
982 1762 1126 1804 adfuit.
1163 1763 1255 1805 Non
1289 1768 1327 1806 in
1362 1766 1439 1806 alio
1473 1768 1527 1807 lo-

151 1835 230 1870 co,
267 1835 390 1876 quam
423 1821 462 1860 in
500 1821 570 1860 hac
601 1820 748 1861 Auiani
780 1821 881 1862 valle
913 1837 1041 1878 aquae
1086 1821 1193 1876 ipsae
1243 1839 1399 1878 semper
1434 1824 1520 1865 fue-

150 1888 263 1921 runt.
297 1879 387 1919 Sive
419 1877 533 1934 quod
564 1878 684 1934 igitur
715 1895 735 1921 a
767 1881 1022 1937 temporibus
1075 1879 1468 1924 immemorabilibus
1505 1915 1518 1935 ‚

150 2086 261 2123 rariae
290 2085 594 2136 propinquitatem
612 2113 621 2129 ,
650 2099 773 2124 verum
801 2088 906 2125 etiam
935 2089 982 2125 ob
1001 2089 1204 2127 vulcanicas
1232 2089 1323 2140 ipsas
1342 2090 1522 2134 materias,

145 2149 236 2185 quae
262 2137 382 2173 adhuc
407 2137 654 2185 adspiciuntur
681 2151 724 2175 eo
751 2137 842 2175 loco.
870 2140 921 2174 Re
948 2152 1033 2176 sane
1061 2154 1141 2177 vera
1170 2140 1271 2176 haud
1301 2141 1439 2189 procul
1478 2142 1524 2181 ab

146 2186 272 2222 iisdem
298 2187 387 2223 locis
415 2187 542 2236 ignitas
570 2190 733 2225 materias
761 2188 942 2225 adservari
979 2192 1114 2228 asserit.
1143 2191 1218 2228 Nec
1246 2190 1364 2227 solum
1409 2191 1491 2227 heic
1512 2220 1523 2236 ,

149 2248 275 2272 verum
302 2239 411 2273 etiam
436 2251 507 2287 qua
537 2246 630 2288 patet
673 2238 767 2275 idem
811 2252 914 2276 mons
935 2269 946 2286 ,
985 2250 1120 2278 restant
1148 2241 1270 2291 piures
1308 2253 1351 2277 ex
1394 2241 1488 2277 hisce
1509 2270 1518 2288 ‚

146 2289 352 2335 praesertim
382 2300 424 2324 ex
451 2301 492 2324 eo
520 2290 597 2327 loco
620 2317 630 2335 ,
659 2291 722 2339 qui
750 2292 882 2327 montis
909 2292 1125 2329 orientalem
1153 2291 1298 2342 respicit
1326 2301 1479 2341 partem.

266 2343 311 2382 Τ.
346 2339 413 2382 ΙΙ.
944 2345 990 2386 18
