1920 2579
289 116 375 161 282

405 173 576 224 Sanctus
596 178 740 221 autem
774 167 968 225 Agnellus
999 166 1292 226 Neapolitanus
1307 169 1660 226 Episcopus;circae

288 229 617 281 'saeculumffVIL
653 228 775 275 aliam
805 226 992 277 condidit
1022 227 1063 272 S.
1097 228 1269 287 Martyri
1299 227 1529 282 Ecclesiam
1556 229 1669 271 intret¹

290 291 451 341 urbem,
485 303 661 343 ,eamq-ue
688 286 937 330 Diaconiae
969 287 1090 332 titulo
1112 318 1127 338 ,
1163 297 1284 345 atque
1316 287 1371 327 ita
1404 287 1487 328 eius
1505 283 1670 330 c'ultumi

290 351 392 389 intra
427 346 568 388 urbem
603 346 784 396 invexit,
815 360 907 387 cum
940 355 1056 386 antea
1091 345 1395 402 tantum:.apud
1442 343 1661 387 catacum-

290 408 360 447 bas
394 404 649 460 Neapolitani
680 405 875 445 Sanctum
907 404 1142 445 Ianuarium
1174 404 1328 445 honore
1360 416 1660 460 prosequeren-

294 476 373 506 tur.
408 466 664 505 Hocautem
697 461 901 518 colligitur
930 475 980 503 ex
1013 462 1160 509 Ioanne
1197 461 1383 504 Diacouo
1410 461 1455 500 in
1504 460 1662 503 Chrou.

291 523 407 564 cuius
439 523 536 575 baec
572 532 669 564 sunt
695 520 845 563 verba:
887 519 1203 576 Hics'nempe
1232 521 1276 562 S.
1328 517 1522 573 Aguellus
1556 519 1668 574 )fe*

295 583 351 622 cit
388 582 624 632 Basilicam
667 579 781 621 intus
808 583 1022 621 civitatem
1058 576 1395 633 Neapolim-*ad
1425 590 1580 619 nomen
1620 577 1663 617 S.

293 639 487 681 Ianuarii
517 638 731 694 stlat-lyris
748 668 764 688 ,
802 638 846 678 in
886 638 1009 678 cuius
1049 636 1261 683 honorem
1281 635 1472 676 nominis
1498 637 1662 676 Diaco-

298 699 409 739 m‘am
440 698 643 747 instituit,
674 704 715 736 et
730 696 928 747 fratrum
971 693 1131 735 Christi
1173 695 1355 735 cellulas
1406 693 1661 735 collocavit.

294 757 373 797 Hic
404 767 538 796 autem
572 756 743 795 Iaonnes
774 756 981 794 Diaconus
1017 751 1095 792 fuit
1129 751 1196 792 ille
1227 752 1340 808 ipse,
1368 752 1439 807 qui
1486 750 1657 792 eandem

297 814 517 856 Ecclesiam
550 813 796 862 Diaconiae
826 812 993 854 nomine
1024 809 1075 851 ab
1108 809 1260 851 eodem‘
1286 809 1325 851 S.
1359 807 1528 864 Agnello
1579 824 1661 849 ere-

297 883 401 917 ctam
434 872 765 920 administravit,
797 885 923 927 eaque
955 879 1093 910 nostra
1140 878 1376 924 tempestate
1429 865 1668 916 Paroecialis

297 933 499 973 Ecclesiae
529 930 694 972 nomine
723 929 764 970 S.
811 928 986 970 Ianuarii
1018 927 1140 983 vulgo
1176 927 1392 980 all'Olmo
1448 923 1662 979 salutatur.

298 990 458 1032 Praeter
489 988 983 1030 Basilicam-aedificatam
1015 985 1065 1027 ab
1097 985 1243 1027 eodem
1277 982 1544 1040 Neapolitano
1564 983 1665 1039 Epi-

297 1063 420 1105 scopo
453 1048 673 1090 excitatum
721 1046 798 1088 fuit
849 1044 1163 1089 Xenodochium
1199 1046 1239 1086 S.
1275 1042 1462 1086 Andreae
1509 1042 1665 1093 titulo,

297 1106 411 1163 quod
441 1120 550 1148 anno
581 1104 873 1149 MCCCCXL,
889 1105 1157 1145 coniunctum
1195 1102 1272 1143 fuit
1313 1100 1406 1152 illi,
1443 1099 1555 1157 qnod
1586 1109 1671 1140 erat

298 1179 425 1221 prope
459 1164 659 1205 Ecclesiae
706 1161 1073 1218 Archiepiscopalis
1113 1161 1259 1200 turrim
1313 1159 1626 1214 Campanariam
1651 1191 1665 1210 ‚

298 1233 420 1278 atque
450 1223 529 1263 hoe
559 1218 873 1263 Xenodochium
908 1221 1026 1259 etiam
1061 1217 1138 1257 fuit
1173 1218 1212 1257 S.
1245 1216 1457 1257 Athanasii
1501 1229 1661 1255 nuncu—

301 1292 456 1338 patum.
493 1279 648 1320 Videsis
679 1277 937 1318 Mazochium
972 1279 1032 1316 De
1064 1275 1189 1316 Cultu
1227 1274 1296 1315 SS.
1331 1275 1464 1330 Episc.
1499 1272 1666 1328 Neapol.

301 1354 386 1395 pag.
422 1342 468 1380 81
509 1347 548 1378 et
579 1351 690 1392 seqq.
1003 1359 1018 1375 a

418 1395 510 1437 Alia
556 1393 731 1437 Ecclesia
764 1395 816 1434 D.
848 1391 1035 1434 Ianuario
1066 1389 1197 1431 dicata
1230 1400 1288 1431 est
1320 1388 1414 1439 illa,
1461 1402 1570 1443 quae,
1615 1397 1672 1428 est

300 1470 420 1511 supra
454 1453 596 1496 collem
630 1452 896 1493 Antinianum
920 1481 932 1500 ,
959 1465 1083 1506 eaque
1104 1450 1222 1503 vulgo
1238 1449 1464 1504 appellatur
1484 1446 1526 1485 S.
1551 1445 1668 1487 Gen·

304 1530 412 1556 nar'o
460 1514 508 1554 al
543 1511 747 1555 Vomero.
782 1509 921 1550 Plures
955 1508 1071 1565 patrii
1121 1507 1335 1562 scriptores
1385 1505 1488 1546 hanc
1533 1502 1669 1545 Eccle-

302 1574 402 1614 siam
436 1570 745 1613 vetustissimam
777 1568 1029 1617 existirnant3
1062 1575 1156 1607 sunt
1190 1579 1283 1606 vero
1312 1564 1383 1619 qui
1432 1560 1616 1603 scribunt
1648 1593 1662 1610 ‚

303 1648 388 1673 eam
423 1633 501 1672 hor
533 1628 624 1670 loco
656 1626 862 1667 conditam
897 1625 1043 1674 fuisse,
1075 1622 1186 1680 quod
1218 1624 1257 1664 S.
1297 1625 1453 1676 Martyr
1469 1633 1564 1661 cum
1597 1620 1672 1661 So-

301 1693 372 1732 ciis
405 1690 509 1732 Nola
548 1684 734 1729 Puteolos
767 1685 887 1726 fuerit
922 1684 1068 1725 ductus
1090 1714 1102 1732 ‚
1135 1692 1173 1722 et
1203 1679 1317 1738 quod
1334 1695 1401 1736 per
1422 1679 1525 1719 viam
1559 1688 1668 1719 tran·

303 1750 409 1790 sierit
430 1780 441 1798 ‚
476 1762 579 1804 quae
609 1755 708 1785 tunc
739 1754 842 1783 recta
875 1740 1064 1785 Puteolos
1097 1742 1295 1783 viatorem
1331 1754 1399 1794 per
1428 1736 1548 1778 colles
1594 1735 1668 1777 du-

302 1809 428 1850 cebat.
463 1807 530 1847 Ob
562 1804 661 1846 tanti
697 1801 966 1844 momumenti
1002 1799 1240 1840 memoriam
1273 1794 1471 1851 templum
1494 1795 1570 1834 hoc
1603 1808 1671 1837 ve-

304 1878 406 1907 teres
441 1865 666 1905 excitarunt
698 1860 950 1909 Christiani,
979 1869 1200 1916 posteaque
1235 1856 1496 1896 recentiorem
1516 1887 1527 1906 ‚
1549 1861 1672 1907 atque

305 1925 591 1979 elegantiorem
626 1921 664 1960 iu
703 1919 873 1961 formam
908 1919 1160 1973 redegerunt.
1221 1913 1399 1968 Quidam
1442 1926 1536 1951 vero
1585 1925 1671 1949 seu-

305 1983 442 2034 tiunt‚
482 1982 584 2021 hanc
628 1979 843 2020 Ecclesiam
905 1976 992 2016 heic
1042 1984 1246 2024 erectam,
1295 1986 1388 2012 cum
1422 1969 1460 2010 S.
1497 1967 1670 2009 Ianuarii

308 2056 455 2098 corpus
491 2039 699 2081 Marciano
727 2036 938 2091 Neapolim
977 2035 1054 2076 fnit
1089 2031 1340 2074 translatum.

422 2099 511 2139 Alia
545 2096 722 2138 Ecclesia
755 2094 884 2136 eidem
921 2093 1086 2148 Martyri
1123 2100 1301 2142 sacrata,
1333 2098 1392 2142 *est
1449 2084 1512 2126 illa
1572 2096 1673 2140 quae

307 2168 411 2199 extat
446 2157 585 2197 Nolae.
624 2158 680 2196 Ea
711 2164 847 2194 autem
885 2152 936 2194 ab
970 2151 1124 2205 origine
1159 2147 1258 2190 nihil
1290 2145 1398 2187 aliud
1417 2143 1512 2192 fuit,
1548 2155 1670 2197 quam

308 2217 478 2264 fornax,
515 2215 554 2254 in
592 2228 715 2269 quam
746 2212 815 2253 SS.
849 2211 1050 2265 Martyres
1087 2208 1105 2260 (
1139 2218 1181 2249 ut
1216 2221 1262 2248 ex
1294 2205 1405 2247 Antis
1438 2199 1620 2257 liquescit
1654 2198 1671 2252 )

311 2274 444 2314 iniecti
478 2273 606 2313 fuere.
641 2272 785 2311 comni
825 2285 873 2311 ne
908 2268 1006 2309 tanti
1041 2265 1233 2323 Mattyris
1272 2258 1467 2306 memoria
1485 2259 1590 2300 foret
1605 2255 1675 2297 ob<
