1920 2579
1472 126 1547 162 103

160 184 228 226 des
262 185 454 237 Graecis,
489 181 730 236 Latinisque
761 177 1064 220 characteribus
1093 188 1191 220 sunt
1245 176 1391 229 reperti
1414 210 1425 228 ‚
1476 182 1545 234 qui

163 245 256 284 satis
290 243 409 285 fidem
450 252 645 285 testantur
669 270 681 288 ‚
718 238 864 293 quanti
895 237 946 278 ab
977 252 1022 278 ea
1055 247 1174 291 gente
1221 233 1373 275 isthaec
1416 238 1545 278 insula

161 304 285 344 fuerit
315 313 534 344 aestimata.
567 298 734 341 Adhaec
767 296 808 336 iu
843 296 942 338 valle
973 298 1010 337 5.
1043 296 1262 347 Montani,
1294 310 1333 339 et
1363 299 1403 340 in
1454 315 1550 354 pro-

165 362 370 403 montorio
407 360 557 402 Montis
590 357 684 399 Vici
717 370 761 396 ea
795 356 878 412 ipsa
909 356 1155 413 sepulchra,
1190 371 1350 399 necnon
1383 367 1423 399 et
1465 370 1542 399 sta·

166 432 283 470 tuas,
322 408 479 476 aliaque.
513 432 602 457 vasa
635 414 826 457 cineraria
849 446 860 464 ,
894 425 934 455 et
983 414 1118 456 fictilia
1141 449 1156 468 ,
1210 427 1424 472 veteraque
1472 420 1541 461 do-

165 493 328 520 morum
363 480 507 519 rudera
544 470 699 530 reperta
730 473 852 514 fuisse
887 485 1023 514 narrat
1067 474 1309 517 Franciscus
1354 476 1501 520 Sianus
1523 509 1539 530 ,

161 538 294 579 storia
329 535 423 577 dell’
446 537 546 577 [sola
581 535 617 576 d'
638 532 763 575 Ischia
800 547 887 587 pag.
922 542 977 585 74
1009 543 1048 573 et
1079 549 1193 591 seqq.

279 595 417 637 Medio
451 597 554 638 AEvo
588 608 632 633 ea
665 592 795 632 insuta
828 592 879 633 ad
912 592 1092 633 Graecos
1125 593 1324 648 pertinuit
1369 601 1549 656 Impera.

162 665 268 695 tores
300 669 394 696 cum
430 655 560 696 vicino
597 651 868 706 Neapolitano
901 654 1079 692 Ducatu.
1114 652 1179 693 Ex
1201 653 1367 709 epistola
1386 659 1424 699 S.
1444 664 1549 703 Leo-

160 716 219 754 nis
254 713 391 767 Magni
423 712 491 754 hb.
525 712 576 754 II.
611 727 676 767 ep.
713 714 734 751 6
769 711 820 751 ad
864 709 1061 752 carolum
1117 711 1314 767 Magnum
1361 733 1548 776 comper-

158 784 246 813 tum
283 765 510 823 habemus,
546 772 766 811 Saracenos
798 783 845 810 eo
878 780 1063 825 tempore
1105 771 1277 814 eandem
1325 775 1547 835 depopula-

159 842 218 871 tas
250 846 347 872 esse.
380 835 573 889 Ingressi
607 838 706 870 sunt
739 829 782 868 in
819 829 1005 873 insulam
1029 829 1262 886 quandam
1284 862 1298 883 ,
1336 850 1449 893 quae
1484 841 1548 885 di-

155 891 266 932 ciem·
304 889 446 942 hela,
487 904 571 930 non
607 890 738 945 longe
775 904 802 928 a
838 885 1141 942 Neapolitana
1189 891 1290 931 urbe
1337 900 1545 946 milliaria

156 949 286 990 XXX.
321 949 364 990 in
398 963 482 1006 qua
527 948 768 1000 familias,
830 954 871 986 et
923 947 1100 1000 peculia
1147 948 1546 1007 Neapolitanorum

155 1024 244 1051 non
281 1021 427 1060 parva
464 1007 747 1048 invenerunt:
783 1014 824 1045 et
842 1006 1027 1054 ficerunt
1057 1008 1164 1048 inibi
1189 1025 1218 1050 a
1272 1015 1372 1057 XV.
1411 1033 1546 1078 usque

154 1069 216 1109 ad
246 1065 339 1109 XII.
380 1065 485 1108 Kal.
522 1065 815 1120 Septembris,
847 1074 889 1105 et
924 1078 1148 1121 nunquam
1185 1069 1246 1109 ibi
1289 1072 1544 1129 Neapolita-

154 1129 202 1168 ni
234 1139 367 1181 super
401 1138 477 1165 eos
511 1125 723 1164 exierunt.
765 1126 954 1177 Cumque
984 1132 1114 1165 totam
1144 1127 1332 1172 insulam
1356 1133 1543 1189 depr-ae-

153 1185 331 1226 (lassent
351 1214 364 1233 ,
397 1183 618 1239 implentes
650 1182 825 1238 navigia
861 1195 942 1221 sua
978 1182 1033 1223 cle
1071 1184 1348 1242 hominibus,
1392 1202 1433 1234 et
1450 1201 1540 1240 eius

154 1241 418 1285 necessariis
439 1273 452 1292 ,
489 1241 662 1282 reversi
686 1250 786 1282 sunt
819 1250 919 1294 post
949 1256 1011 1285 se.

273 1302 410 1343 Insula
443 1300 669 1342 hodiedum
704 1310 762 1341 est
792 1315 813 1341 e
845 1299 989 1341 ceteris
1019 1301 1346 1360 frequentissima
1365 1340 1377 1362 ,
1411 1322 1452 1354 et
1483 1313 1543 1362 di÷

154 1361 335 1401 tissimaz
390 1358 544 1402 incolae
592 1359 703 1401 enim
752 1360 1003 1402 commercio
1047 1366 1398 1418 opportunissimo
1442 1384 1540 1415 sunt

152 1418 333 1471 addicti3
382 1418 557 1475 ideoque
589 1418 631 1458 in
686 1417 868 1467 vicinas,
921 1428 1157 1477 exterasque
1206 1435 1343 1479 gentes
1391 1429 1538 1475 vinum

149 1478 367 1535 praecipue
398 1485 673 1529 convectant,
704 1474 884 1532 aliasque
917 1491 1083 1520 merces.
1118 1480 1164 1522 In
1196 1483 1334 1540 plures
1366 1486 1534 1546 insuper

149 1535 289 1578 eadem
324 1534 522 1576 dividitur
573 1544 728 1591 pagos,
777 1546 817 1577 et
863 1534 1008 1577 urbem
1049 1538 1171 1581 habet
1211 1540 1529 1603 Episcopalem,

148 1596 214 1636 cui
245 1594 411 1636 Ischiae
443 1608 594 1636 nomen
636 1604 694 1636 est
745 1594 925 1637 inditum
977 1597 1028 1639 ab
1075 1599 1159 1656 ipsa
1207 1601 1350 1645 insula.
1404 1606 1535 1663 Pagus

147 1668 271 1711 quem
304 1653 458 1696 incolae
490 1653 669 1695 vocitant
700 1653 1019 1698 Casamicciola
1051 1672 1203 1701 nomen
1253 1659 1479 1721 desumpsit
1510 1681 1534 1709 a

150 1726 239 1754 casa
272 1723 368 1769 puta
393 1744 405 1766 ,
435 1713 589 1754 Latiari
624 1728 721 1755 voce
740 1747 752 1766 ‚
788 1724 828 1755 et
857 1723 965 1766 μύκης
1009 1716 1178 1760 fortasse
1193 1719 1391 1779 fungum
1407 1722 1534 1768 deno-

151 1782 237 1813 tare
257 1801 268 1822 ‚
299 1786 318 1812 a
347 1771 441 1815 loco
473 1771 644 1814 forsitan
669 1805 681 1823 ‚
716 1773 786 1814 ubi
819 1773 942 1817 iidem
973 1787 1235 1832 generantur.
1268 1781 1398 1837 Pagus
1429 1782 1531 1827 alius

153 1840 211 1871 est
241 1829 380 1872 Forio
413 1846 434 1872 a
468 1837 592 1886 φορὸς,
614 1830 756 1885 ferax·
778 1866 793 1887 ‚
825 1833 980 1891 quippe
1011 1834 1127 1891 quod
1158 1837 1271 1879 locus
1303 1839 1377 1882 iste
1408 1843 1533 1884 maxi-

143 1900 219 1930 ‘me
251 1888 427 1945 fertilis,
460 1888 635 1946 ideoque
666 1890 758 1948 plus
789 1892 933 1934 ceteris
976 1894 1195 1937 habitatus.
1241 1894 1358 1940 Arms
1405 1900 1532 1942 nomi-

151 1962 202 1988 ne
234 1946 412 2001 Latmo,
446 1964 467 1989 a
498 1955 622 1991 λάκκος
645 1959 834 2004 puteus,
869 1951 932 1996 vel
963 1954 1078 2009 lapis
1101 1984 1115 2004 ,
1147 1963 1295 2011 utpote
1325 1957 1440 2000 locus
1460 1974 1529 2016 pe-

152 2016 288 2047 trosus
320 2017 380 2048 est
400 2038 413 2058 ,
446 2017 485 2048 et
516 2008 661 2049 sterilis
681 2027 694 2051 .·
725 2009 792 2051 alii
824 2010 975 2053 adsunt
1003 2013 1047 2054 in
1077 2012 1156 2056 hac
1184 2012 1315 2056 insula
1345 2015 1422 2058 vici
1454 2018 1529 2060 mi-

155 2064 266 2106 noris
297 2065 507 2117 nominis,
540 2075 579 2107 et
612 2070 825 2111 momenti.

263 2123 388 2165 Mons
420 2124 654 2183 Epomaeus
675 2158 688 2178 ,
719 2142 831 2170 nunc
864 2128 1021 2174 Monte
1060 2129 1107 2174 di
1134 2129 1182 2175 S.
1227 2129 1390 2176 Nicola
1411 2166 1426 2187 ,
1475 2136 1533 2178 al-

149 2180 326 2224 tissimus
359 2193 418 2226 est
444 2215 457 2235 ,
489 2194 529 2225 et
559 2185 743 2242 adsurgit
772 2188 814 2230 in
845 2188 999 2232 insulae
1031 2188 1182 2232 medio.
1215 2189 1263 2233 In
1295 2207 1342 2235 eo
1372 2193 1530 2238 aedicu-

146 2239 184 2280 la
219 2249 278 2281 est
306 2243 360 2284 D.
389 2241 564 2285 Nicolao
603 2244 784 2288 Praesuli
835 2247 1018 2304 Myreusi
1064 2248 1228 2292 dicata.-
1275 2251 1385 2295 unde
1435 2254 1532 2297 huic

147 2297 281 2342 monti
312 2314 467 2345 nomen
501 2301 670 2346 sactum.
705 2303 842 2349 Huius
874 2318 1045 2364 etymon
1074 2307 1126 2351 ab
1176 2315 1383 2359 Ε’ποπτένω
1426 2312 1530 2371 Spe:
