<?xml version="1.0" encoding="UTF-8"?>
<!DOCTYPE html PUBLIC "-//W3C//DTD XHTML 1.0 Transitional//EN"
    "http://www.w3.org/TR/xhtml1/DTD/xhtml1-transitional.dtd">
<html xmlns="http://www.w3.org/1999/xhtml" xml:lang="en" lang="en">
 <head>
  <title>
</title>
<meta http-equiv="Content-Type" content="text/html;charset=utf-8" />
  <meta name='ocr-system' content='tesseract 3.04.00' />
  <meta name='ocr-capabilities' content='ocr_page ocr_carea ocr_par ocr_line ocrx_word'/>
</head>
<body>
  <div class='ocr_page' id='page_1' title='image "./universiaecampan01laur/universiaecampan01laur_0469.png"; bbox 0 0 1920 2579; ppageno 0'>
   <div class='ocr_carea' id='block_1_1' title="bbox 137 92 1530 1202">
    <p class='ocr_par' dir='ltr' id='par_1_1' title="bbox 137 92 1530 1202">
     <span class='ocr_line' id='line_1_1' title="bbox 1442 92 1518 143; baseline 0.013 -13"><span class='ocrx_word' id='word_1_1' title='bbox 1442 92 1518 143; x_wconf 61' lang='lat'>1237</span> 
     </span>
     <span class='ocr_line' id='line_1_2' title="bbox 137 146 1524 197; baseline -0.006 -1"><span class='ocrx_word' id='word_1_2' title='bbox 137 157 243 197; x_wconf 77' lang='lat' dir='ltr'>Hinc</span> <span class='ocrx_word' id='word_1_3' title='bbox 274 151 433 194; x_wconf 86' lang='lat' dir='ltr'>Tullius</span> <span class='ocrx_word' id='word_1_4' title='bbox 464 150 514 192; x_wconf 85' lang='lat' dir='ltr'>de</span> <span class='ocrx_word' id='word_1_5' title='bbox 547 158 691 191; x_wconf 79' lang='lat' dir='ltr'>natura</span> <span class='ocrx_word' id='word_1_6' title='bbox 726 149 854 190; x_wconf 84' lang='lat' dir='ltr'>Deor.</span> <span class='ocrx_word' id='word_1_7' title='bbox 890 148 960 190; x_wconf 80' lang='lat' dir='ltr'>hb.</span> <span class='ocrx_word' id='word_1_8' title='bbox 991 146 1042 189; x_wconf 78' lang='lat' dir='ltr'>H.</span> <span class='ocrx_word' id='word_1_9' title='bbox 1061 159 1290 188; x_wconf 83' lang='lat' dir='ltr'>sermonem</span> <span class='ocrx_word' id='word_1_10' title='bbox 1325 146 1375 187; x_wconf 81' lang='lat' dir='ltr'>ita</span> <span class='ocrx_word' id='word_1_11' title='bbox 1410 149 1524 188; x_wconf 80' lang='lat' dir='ltr'>insti-</span> 
     </span>
     <span class='ocr_line' id='line_1_3' title="bbox 144 203 1510 265; baseline -0.004 -11"><span class='ocrx_word' id='word_1_12' title='bbox 144 217 250 255; x_wconf 72' lang='lat' dir='ltr'>tuit2</span> <span class='ocrx_word' id='word_1_13' title='bbox 284 212 474 257; x_wconf 80' lang='lat' dir='ltr'><em>Perinde</em></span> <span class='ocrx_word' id='word_1_14' title='bbox 502 220 720 265; x_wconf 73' lang='lat' dir='ltr'>utcunque</span> <span class='ocrx_word' id='word_1_15' title='bbox 752 217 1013 261; x_wconf 75' lang='lat' dir='ltr'>temperatus</span> <span class='ocrx_word' id='word_1_16' title='bbox 1044 221 1123 248; x_wconf 76' lang='lat' dir='ltr'>aer</span> <span class='ocrx_word' id='word_1_17' title='bbox 1154 205 1208 246; x_wconf 74' lang='lat' dir='ltr'>sit</span> <span class='ocrx_word' id='word_1_18' title='bbox 1230 237 1240 256; x_wconf 83' lang='lat'>,</span> <span class='ocrx_word' id='word_1_19' title='bbox 1274 203 1330 248; x_wconf 69' lang='grc' dir='ltr'><strong><em>ι’ῑίέ</em></strong></span> <span class='ocrx_word' id='word_1_20' title='bbox 1346 222 1510 262; x_wconf 70' lang='lat' dir='ltr'>pueros</span> 
     </span>
     <span class='ocr_line' id='line_1_4' title="bbox 142 266 1511 323; baseline -0.005 -10"><span class='ocrx_word' id='word_1_21' title='bbox 142 273 326 313; x_wconf 68' lang='lat' dir='ltr'>orientes</span> <span class='ocrx_word' id='word_1_22' title='bbox 361 270 580 319; x_wconf 78' lang='lat' dir='ltr'>animari,</span> <span class='ocrx_word' id='word_1_23' title='bbox 612 275 743 323; x_wconf 77' lang='lat' dir='ltr'>alque</span> <span class='ocrx_word' id='word_1_24' title='bbox 763 267 987 320; x_wconf 68' lang='lat' dir='ltr'>formari,</span> <span class='ocrx_word' id='word_1_25' title='bbox 1022 281 1082 306; x_wconf 79' lang='lat' dir='ltr'>ex</span> <span class='ocrx_word' id='word_1_26' title='bbox 1102 279 1256 323; x_wconf 50' lang='lat' dir='ltr'>¹&gt;eoque</span> <span class='ocrx_word' id='word_1_27' title='bbox 1308 266 1511 322; x_wconf 76' lang='lat' dir='ltr'>ingenia,</span> 
     </span>
     <span class='ocr_line' id='line_1_5' title="bbox 146 325 1513 382; baseline 0.007 -28"><span class='ocrx_word' id='word_1_28' title='bbox 146 345 284 371; x_wconf 48' lang='lat' dir='ltr'>mmm</span> <span class='ocrx_word' id='word_1_29' title='bbox 303 361 316 379; x_wconf 58' lang='lat'><strong>,</strong></span> <span class='ocrx_word' id='word_1_30' title='bbox 349 330 541 370; x_wconf 74' lang='lat' dir='ltr'>animum</span> <span class='ocrx_word' id='word_1_31' title='bbox 559 357 570 374; x_wconf 90' lang='lat'>,</span> <span class='ocrx_word' id='word_1_32' title='bbox 603 339 767 380; x_wconf 70' lang='lat' dir='ltr'>corpus</span> <span class='ocrx_word' id='word_1_33' title='bbox 785 356 800 375; x_wconf 82' lang='lat'><em>,</em></span> <span class='ocrx_word' id='word_1_34' title='bbox 828 325 1047 366; x_wconf 78' lang='lat' dir='ltr'><em>actionem</em></span> <span class='ocrx_word' id='word_1_35' title='bbox 1069 329 1362 382; x_wconf 64' lang='lat' dir='ltr'>cuiuscunque</span> <span class='ocrx_word' id='word_1_36' title='bbox 1377 325 1513 382; x_wconf 69' lang='lat' dir='ltr'>fingi,</span> 
     </span>
     <span class='ocr_line' id='line_1_6' title="bbox 142 383 1519 439; baseline -0.004 -9"><span class='ocrx_word' id='word_1_37' title='bbox 142 392 197 431; x_wconf 73' lang='lat' dir='ltr'>At</span> <span class='ocrx_word' id='word_1_38' title='bbox 233 400 365 429; x_wconf 82' lang='lat' dir='ltr'>nostra</span> <span class='ocrx_word' id='word_1_39' title='bbox 397 399 568 427; x_wconf 84' lang='lat' dir='ltr'>amoena</span> <span class='ocrx_word' id='word_1_40' title='bbox 602 386 714 437; x_wconf 70' lang='lat' dir='ltr'>regio</span> <span class='ocrx_word' id='word_1_41' title='bbox 750 394 975 438; x_wconf 82' lang='lat' dir='ltr'>temperato</span> <span class='ocrx_word' id='word_1_42' title='bbox 1010 383 1109 423; x_wconf 87' lang='lat' dir='ltr'>coeli</span> <span class='ocrx_word' id='word_1_43' title='bbox 1142 398 1231 422; x_wconf 84' lang='lat' dir='ltr'>aere</span> <span class='ocrx_word' id='word_1_44' title='bbox 1281 399 1436 439; x_wconf 76' lang='lat' dir='ltr'>semper</span> <span class='ocrx_word' id='word_1_45' title='bbox 1460 396 1519 425; x_wconf 72' lang='lat' dir='ltr'>est</span> 
     </span>
     <span class='ocr_line' id='line_1_7' title="bbox 146 440 1520 496; baseline -0.002 -9"><span class='ocrx_word' id='word_1_46' title='bbox 146 447 300 488; x_wconf 78' lang='lat' dir='ltr'>fruita:</span> <span class='ocrx_word' id='word_1_47' title='bbox 336 448 430 486; x_wconf 90' lang='lat' dir='ltr'>hinc</span> <span class='ocrx_word' id='word_1_48' title='bbox 464 446 616 486; x_wconf 85' lang='lat' dir='ltr'>mirum</span> <span class='ocrx_word' id='word_1_49' title='bbox 657 441 767 483; x_wconf 84' lang='lat' dir='ltr'>haud</span> <span class='ocrx_word' id='word_1_50' title='bbox 801 452 858 482; x_wconf 88' lang='lat' dir='ltr'>est</span> <span class='ocrx_word' id='word_1_51' title='bbox 881 473 892 491; x_wconf 84' lang='grc'><em>,</em></span> <span class='ocrx_word' id='word_1_52' title='bbox 926 444 955 482; x_wconf 87' lang='lat' dir='ltr'>si</span> <span class='ocrx_word' id='word_1_53' title='bbox 989 452 1061 495; x_wconf 15' lang='lat' dir='ltr'>tot*</span> <span class='ocrx_word' id='word_1_54' title='bbox 1082 440 1304 496; x_wconf 79' lang='lat' dir='ltr'>praeclaros</span> <span class='ocrx_word' id='word_1_55' title='bbox 1335 443 1520 484; x_wconf 83' lang='lat' dir='ltr'>homines</span> 
     </span>
     <span class='ocr_line' id='line_1_8' title="bbox 144 497 1523 557; baseline -0.002 -12"><span class='ocrx_word' id='word_1_56' title='bbox 144 506 293 549; x_wconf 75' lang='lat' dir='ltr'>virtute</span> <span class='ocrx_word' id='word_1_57' title='bbox 314 538 325 555; x_wconf 87' lang='lat'><strong>‚</strong></span> <span class='ocrx_word' id='word_1_58' title='bbox 377 514 416 545; x_wconf 84' lang='lat' dir='ltr'>et</span> <span class='ocrx_word' id='word_1_59' title='bbox 454 501 577 544; x_wconf 87' lang='lat' dir='ltr'>armis</span> <span class='ocrx_word' id='word_1_60' title='bbox 610 516 742 557; x_wconf 86' lang='lat' dir='ltr'>usque</span> <span class='ocrx_word' id='word_1_61' title='bbox 774 500 970 556; x_wconf 82' lang='lat' dir='ltr'>genuerit.</span> <span class='ocrx_word' id='word_1_62' title='bbox 992 541 994 544; x_wconf 76' lang='grc'>,</span> <span class='ocrx_word' id='word_1_63' title='bbox 1019 497 1142 543; x_wconf 77' lang='lat' dir='ltr'>Haud</span> <span class='ocrx_word' id='word_1_64' title='bbox 1174 516 1395 541; x_wconf 84' lang='lat' dir='ltr'>memorem</span> <span class='ocrx_word' id='word_1_65' title='bbox 1447 503 1523 542; x_wconf 72' lang='lat' dir='ltr'>Ar·</span> 
     </span>
     <span class='ocr_line' id='line_1_9' title="bbox 143 558 1520 619; baseline -0.003 -14"><span class='ocrx_word' id='word_1_66' title='bbox 143 564 322 619; x_wconf 75' lang='lat' dir='ltr'>pinatem</span> <span class='ocrx_word' id='word_1_67' title='bbox 359 561 612 618; x_wconf 78' lang='lat' dir='ltr'>eloquentiae</span> <span class='ocrx_word' id='word_1_68' title='bbox 647 571 853 614; x_wconf 82' lang='lat' dir='ltr'>parentem</span> <span class='ocrx_word' id='word_1_69' title='bbox 887 560 1092 616; x_wconf 84' lang='lat' dir='ltr'>optimum</span> <span class='ocrx_word' id='word_1_70' title='bbox 1130 558 1326 609; x_wconf 23' lang='lat' dir='ltr'>¹*Tullium</span> <span class='ocrx_word' id='word_1_71' title='bbox 1348 591 1362 610; x_wconf 88' lang='lat'><em>,</em></span> <span class='ocrx_word' id='word_1_72' title='bbox 1407 559 1520 601; x_wconf 87' lang='lat' dir='ltr'>haud</span> 
     </span>
     <span class='ocr_line' id='line_1_10' title="bbox 145 617 1520 678; baseline -0.001 -15"><span class='ocrx_word' id='word_1_73' title='bbox 145 623 335 678; x_wconf 74' lang='lat' dir='ltr'>Crispum</span> <span class='ocrx_word' id='word_1_74' title='bbox 373 621 604 663; x_wconf 59' lang='lat' dir='ltr'>Sallustium</span> <span class='ocrx_word' id='word_1_75' title='bbox 640 619 770 665; x_wconf 81' lang='lat' dir='ltr'>civem</span> <span class='ocrx_word' id='word_1_76' title='bbox 801 618 1037 661; x_wconf 81' lang='lat' dir='ltr'>Romanum</span> <span class='ocrx_word' id='word_1_77' title='bbox 1058 648 1073 667; x_wconf 86' lang='lat'><em>,</em></span> <span class='ocrx_word' id='word_1_78' title='bbox 1099 627 1137 656; x_wconf 87' lang='lat' dir='ltr'>et</span> <span class='ocrx_word' id='word_1_79' title='bbox 1169 617 1351 675; x_wconf 85' lang='lat' dir='ltr'>primum</span> <span class='ocrx_word' id='word_1_80' title='bbox 1369 619 1408 659; x_wconf 85' lang='lat' dir='ltr'>iu</span> <span class='ocrx_word' id='word_1_81' title='bbox 1436 620 1520 661; x_wconf 82' lang='lat' dir='ltr'>Ro·</span> 
     </span>
     <span class='ocr_line' id='line_1_11' title="bbox 144 677 1516 733; baseline -0.004 -12"><span class='ocrx_word' id='word_1_82' title='bbox 144 697 258 722; x_wconf 81' lang='lat' dir='ltr'>mana</span> <span class='ocrx_word' id='word_1_83' title='bbox 314 681 480 721; x_wconf 81' lang='lat' dir='ltr'>historia</span> <span class='ocrx_word' id='word_1_84' title='bbox 513 679 752 733; x_wconf 83' lang='lat' dir='ltr'>scriptorem</span> <span class='ocrx_word' id='word_1_85' title='bbox 776 710 788 729; x_wconf 90' lang='lat'>,</span> <span class='ocrx_word' id='word_1_86' title='bbox 821 677 930 718; x_wconf 82' lang='lat' dir='ltr'>haud</span> <span class='ocrx_word' id='word_1_87' title='bbox 962 677 1516 721; x_wconf 59' lang='lat' dir='ltr'>Vitrttvium,Formianum</span> 
     </span>
     <span class='ocr_line' id='line_1_12' title="bbox 144 735 1525 793; baseline -0.001 -14"><span class='ocrx_word' id='word_1_88' title='bbox 144 740 454 782; x_wconf 86' lang='lat' dir='ltr'>celeberrimum</span> <span class='ocrx_word' id='word_1_89' title='bbox 483 738 786 793; x_wconf 77' lang='lat' dir='ltr'>architectum,</span> <span class='ocrx_word' id='word_1_90' title='bbox 837 736 948 777; x_wconf 82' lang='lat' dir='ltr'>baud</span> <span class='ocrx_word' id='word_1_91' title='bbox 991 735 1213 780; x_wconf 83' lang='lat' dir='ltr'>Horatium</span> <span class='ocrx_word' id='word_1_92' title='bbox 1265 735 1525 779; x_wconf 83' lang='lat' dir='ltr'>Venusinum</span> 
     </span>
     <span class='ocr_line' id='line_1_13' title="bbox 148 794 1524 850; baseline 0 -12"><span class='ocrx_word' id='word_1_93' title='bbox 148 797 350 839; x_wconf 79' lang='lat' dir='ltr'>Pindarici</span> <span class='ocrx_word' id='word_1_94' title='bbox 385 798 575 839; x_wconf 75' lang='lat' dir='ltr'>carminis</span> <span class='ocrx_word' id='word_1_95' title='bbox 619 795 900 850; x_wconf 76' lang='lat' dir='ltr'>imitatorem,</span> <span class='ocrx_word' id='word_1_96' title='bbox 949 795 1062 837; x_wconf 82' lang='lat' dir='ltr'>haud</span> <span class='ocrx_word' id='word_1_97' title='bbox 1113 794 1289 845; x_wconf 56' lang='lat' dir='ltr'>§ocium</span> <span class='ocrx_word' id='word_1_98' title='bbox 1320 794 1524 838; x_wconf 83' lang='lat' dir='ltr'>Naevium</span> 
     </span>
     <span class='ocr_line' id='line_1_14' title="bbox 145 851 1528 913; baseline -0.002 -15"><span class='ocrx_word' id='word_1_99' title='bbox 145 859 402 913; x_wconf 81' lang='lat' dir='ltr'>Campanum</span> <span class='ocrx_word' id='word_1_100' title='bbox 435 855 633 897; x_wconf 77' lang='lat' dir='ltr'>celebrem</span> <span class='ocrx_word' id='word_1_101' title='bbox 667 865 826 910; x_wconf 81' lang='lat' dir='ltr'>poetam</span> <span class='ocrx_word' id='word_1_102' title='bbox 851 886 865 906; x_wconf 88' lang='lat'><em>,</em></span> <span class='ocrx_word' id='word_1_103' title='bbox 902 864 941 895; x_wconf 88' lang='lat' dir='ltr'>et</span> <span class='ocrx_word' id='word_1_104' title='bbox 976 851 1528 908; x_wconf 78' lang='lat' dir='ltr'>Atellanarum,Oscarum-</span> 
     </span>
     <span class='ocr_line' id='line_1_15' title="bbox 150 911 1529 972; baseline -0.001 -16"><span class='ocrx_word' id='word_1_105' title='bbox 150 931 231 972; x_wconf 89' lang='lat' dir='ltr'>que</span> <span class='ocrx_word' id='word_1_106' title='bbox 263 914 493 956; x_wconf 78' lang='lat' dir='ltr'>fabularum</span> <span class='ocrx_word' id='word_1_107' title='bbox 526 915 767 971; x_wconf 82' lang='lat' dir='ltr'>scriptorem</span> <span class='ocrx_word' id='word_1_108' title='bbox 788 945 799 966; x_wconf 81' lang='lat'>,</span> <span class='ocrx_word' id='word_1_109' title='bbox 845 912 955 954; x_wconf 85' lang='lat' dir='ltr'>haud</span> <span class='ocrx_word' id='word_1_110' title='bbox 988 911 1183 953; x_wconf 79' lang='lat' dir='ltr'>Ovidium</span> <span class='ocrx_word' id='word_1_111' title='bbox 1217 911 1529 955; x_wconf 82' lang='lat' dir='ltr'>Sulmonensem</span> 
     </span>
     <span class='ocr_line' id='line_1_16' title="bbox 150 972 1529 1028; baseline 0 -15"><span class='ocrx_word' id='word_1_112' title='bbox 150 973 222 1028; x_wconf 82' lang='lat' dir='ltr'>qui</span> <span class='ocrx_word' id='word_1_113' title='bbox 255 974 357 1013; x_wconf 85' lang='lat' dir='ltr'>adeo</span> <span class='ocrx_word' id='word_1_114' title='bbox 390 984 543 1014; x_wconf 81' lang='lat' dir='ltr'>ceteros</span> <span class='ocrx_word' id='word_1_115' title='bbox 576 973 780 1028; x_wconf 84' lang='lat' dir='ltr'>superavit</span> <span class='ocrx_word' id='word_1_116' title='bbox 814 983 951 1027; x_wconf 88' lang='lat' dir='ltr'>poetas</span> <span class='ocrx_word' id='word_1_117' title='bbox 977 1001 990 1021; x_wconf 88' lang='lat'>‚</span> <span class='ocrx_word' id='word_1_118' title='bbox 1021 981 1068 1009; x_wconf 86' lang='lat' dir='ltr'>ut</span> <span class='ocrx_word' id='word_1_119' title='bbox 1112 972 1407 1024; x_wconf 79' lang='lat' dir='ltr'>extemporanei</span> <span class='ocrx_word' id='word_1_120' title='bbox 1441 987 1529 1014; x_wconf 83' lang='lat' dir='ltr'>car-</span> 
     </span>
     <span class='ocr_line' id='line_1_17' title="bbox 154 1028 1530 1086; baseline 0 -13"><span class='ocrx_word' id='word_1_121' title='bbox 154 1033 275 1073; x_wconf 85' lang='lat' dir='ltr'>minis</span> <span class='ocrx_word' id='word_1_122' title='bbox 307 1042 448 1072; x_wconf 84' lang='lat' dir='ltr'>auctor</span> <span class='ocrx_word' id='word_1_123' title='bbox 482 1032 603 1072; x_wconf 86' lang='lat' dir='ltr'>fucrit</span> <span class='ocrx_word' id='word_1_124' title='bbox 636 1031 890 1086; x_wconf 81' lang='lat' dir='ltr'>appellatus;</span> <span class='ocrx_word' id='word_1_125' title='bbox 933 1028 1043 1069; x_wconf 86' lang='lat' dir='ltr'>haud</span> <span class='ocrx_word' id='word_1_126' title='bbox 1095 1043 1320 1069; x_wconf 75' lang='lat' dir='ltr'>memorem</span> <span class='ocrx_word' id='word_1_127' title='bbox 1356 1031 1530 1073; x_wconf 84' lang='lat' dir='ltr'>celeber·</span> 
     </span>
     <span class='ocr_line' id='line_1_18' title="bbox 153 1086 1530 1144; baseline -0.001 -13"><span class='ocrx_word' id='word_1_128' title='bbox 153 1093 307 1131; x_wconf 84' lang='lat' dir='ltr'>rimum</span> <span class='ocrx_word' id='word_1_129' title='bbox 339 1090 552 1131; x_wconf 75' lang='lat' dir='ltr'>Maronem</span> <span class='ocrx_word' id='word_1_130' title='bbox 576 1121 588 1139; x_wconf 92' lang='lat'><strong>,</strong></span> <span class='ocrx_word' id='word_1_131' title='bbox 621 1091 689 1144; x_wconf 89' lang='lat' dir='ltr'>qui</span> <span class='ocrx_word' id='word_1_132' title='bbox 724 1088 821 1128; x_wconf 86' lang='lat' dir='ltr'>olim</span> <span class='ocrx_word' id='word_1_133' title='bbox 854 1086 1024 1142; x_wconf 78' lang='lat' dir='ltr'>Neapoli</span> <span class='ocrx_word' id='word_1_134' title='bbox 1057 1086 1127 1126; x_wconf 66' lang='lat' dir='ltr'>dtu</span> <span class='ocrx_word' id='word_1_135' title='bbox 1162 1086 1239 1125; x_wconf 81' lang='lat' dir='ltr'>fuit</span> <span class='ocrx_word' id='word_1_136' title='bbox 1282 1089 1456 1140; x_wconf 86' lang='lat' dir='ltr'>otiatus,</span> <span class='ocrx_word' id='word_1_137' title='bbox 1490 1101 1530 1131; x_wconf 91' lang='lat' dir='ltr'>et</span> 
     </span>
     <span class='ocr_line' id='line_1_19' title="bbox 150 1144 1526 1202; baseline -0.003 -13"><span class='ocrx_word' id='word_1_138' title='bbox 150 1150 222 1190; x_wconf 81' lang='lat' dir='ltr'>ubi</span> <span class='ocrx_word' id='word_1_139' title='bbox 254 1148 419 1199; x_wconf 82' lang='lat' dir='ltr'>studia,</span> <span class='ocrx_word' id='word_1_140' title='bbox 457 1159 495 1189; x_wconf 88' lang='lat' dir='ltr'>et</span> <span class='ocrx_word' id='word_1_141' title='bbox 527 1149 720 1202; x_wconf 84' lang='lat' dir='ltr'>ingenuas</span> <span class='ocrx_word' id='word_1_142' title='bbox 754 1146 896 1187; x_wconf 75' lang='lat' dir='ltr'>didicit</span> <span class='ocrx_word' id='word_1_143' title='bbox 926 1156 1054 1196; x_wconf 88' lang='lat' dir='ltr'>artes,</span> <span class='ocrx_word' id='word_1_144' title='bbox 1107 1154 1152 1184; x_wconf 87' lang='lat' dir='ltr'>ut</span> <span class='ocrx_word' id='word_1_145' title='bbox 1199 1144 1282 1201; x_wconf 85' lang='lat' dir='ltr'>ipse</span> <span class='ocrx_word' id='word_1_146' title='bbox 1323 1147 1430 1186; x_wconf 86' lang='lat' dir='ltr'>canit.</span> <span class='ocrx_word' id='word_1_147' title='bbox 1482 1149 1526 1189; x_wconf 79' lang='lat' dir='ltr'>in</span> 
     </span>
    </p>
   </div>
   <div class='ocr_carea' id='block_1_2' title="bbox 145 1206 407 1262">
    <p class='ocr_par' dir='ltr' id='par_1_2' title="bbox 145 1206 407 1262">
     <span class='ocr_line' id='line_1_20' title="bbox 145 1206 407 1262; baseline 0.008 -14"><span class='ocrx_word' id='word_1_148' title='bbox 145 1207 226 1250; x_wconf 89' lang='lat' dir='ltr'>fine</span> <span class='ocrx_word' id='word_1_149' title='bbox 256 1206 407 1262; x_wconf 84' lang='lat' dir='ltr'>Georg.</span> 
     </span>
    </p>
   </div>
   <div class='ocr_carea' id='block_1_3' title="bbox 260 1321 1376 1437">
    <p class='ocr_par' dir='ltr' id='par_1_3' title="bbox 260 1321 1376 1437">
     <span class='ocr_line' id='line_1_21' title="bbox 260 1321 1296 1379; baseline -0.002 -14"><span class='ocrx_word' id='word_1_150' title='bbox 260 1324 349 1366; x_wconf 86' lang='lat' dir='ltr'>Illo</span> <span class='ocrx_word' id='word_1_151' title='bbox 386 1322 621 1379; x_wconf 78' lang='lat' dir='ltr'>Virgz‘lizmz</span> <span class='ocrx_word' id='word_1_152' title='bbox 657 1337 726 1362; x_wconf 83' lang='lat' dir='ltr'>me</span> <span class='ocrx_word' id='word_1_153' title='bbox 758 1331 948 1376; x_wconf 81' lang='lat' dir='ltr'>tempore</span> <span class='ocrx_word' id='word_1_154' title='bbox 979 1321 1120 1363; x_wconf 77' lang='lat' dir='ltr'>dulcis</span> <span class='ocrx_word' id='word_1_155' title='bbox 1151 1322 1296 1364; x_wconf 79' lang='lat' dir='ltr'>alebat</span> 
     </span>
     <span class='ocr_line' id='line_1_22' title="bbox 262 1380 1376 1437; baseline -0.003 -13"><span class='ocrx_word' id='word_1_156' title='bbox 262 1383 543 1435; x_wconf 76' lang='lat' dir='ltr'>Parthenope</span> <span class='ocrx_word' id='word_1_157' title='bbox 565 1412 580 1432; x_wconf 88' lang='lat'><em>,</em></span> <span class='ocrx_word' id='word_1_158' title='bbox 616 1380 766 1421; x_wconf 77' lang='lat' dir='ltr'>studiis</span> <span class='ocrx_word' id='word_1_159' title='bbox 788 1381 1030 1434; x_wconf 82' lang='lat' dir='ltr'>florentem</span> <span class='ocrx_word' id='word_1_160' title='bbox 1071 1381 1271 1437; x_wconf 77' lang='lat' dir='ltr'>ignobilis</span> <span class='ocrx_word' id='word_1_161' title='bbox 1305 1382 1376 1422; x_wconf 82' lang='lat' dir='ltr'>oti.</span> 
     </span>
    </p>
   </div>
   <div class='ocr_carea' id='block_1_4' title="bbox 146 1495 1531 2318">
    <p class='ocr_par' dir='ltr' id='par_1_4' title="bbox 146 1495 1531 2318">
     <span class='ocr_line' id='line_1_23' title="bbox 146 1495 1519 1554; baseline -0.001 -14"><span class='ocrx_word' id='word_1_162' title='bbox 146 1502 359 1541; x_wconf 85' lang='lat' dir='ltr'>Praetereo</span> <span class='ocrx_word' id='word_1_163' title='bbox 400 1496 617 1553; x_wconf 87' lang='lat' dir='ltr'>Papinium</span> <span class='ocrx_word' id='word_1_164' title='bbox 649 1496 825 1539; x_wconf 77' lang='lat' dir='ltr'>Statium</span> <span class='ocrx_word' id='word_1_165' title='bbox 857 1495 1174 1554; x_wconf 84' lang='lat' dir='ltr'>Neapolitanum</span> <span class='ocrx_word' id='word_1_166' title='bbox 1225 1506 1388 1552; x_wconf 87' lang='lat' dir='ltr'>poetam</span> <span class='ocrx_word' id='word_1_167' title='bbox 1422 1498 1519 1540; x_wconf 83' lang='lat' dir='ltr'>Vir-</span> 
     </span>
     <span class='ocr_line' id='line_1_24' title="bbox 146 1556 1520 1614; baseline -0.001 -17"><span class='ocrx_word' id='word_1_168' title='bbox 146 1558 227 1613; x_wconf 82' lang='lat' dir='ltr'>gilii</span> <span class='ocrx_word' id='word_1_169' title='bbox 258 1557 534 1606; x_wconf 82' lang='lat' dir='ltr'>imitatorem,</span> <span class='ocrx_word' id='word_1_170' title='bbox 568 1567 608 1598; x_wconf 85' lang='lat' dir='ltr'>et</span> <span class='ocrx_word' id='word_1_171' title='bbox 639 1556 873 1597; x_wconf 85' lang='lat' dir='ltr'>Iuvenalem</span> <span class='ocrx_word' id='word_1_172' title='bbox 905 1557 1154 1613; x_wconf 82' lang='lat' dir='ltr'>Aquinatem</span> <span class='ocrx_word' id='word_1_173' title='bbox 1186 1557 1425 1614; x_wconf 67' lang='lat' dir='ltr'>Saty-rarum</span> <span class='ocrx_word' id='word_1_174' title='bbox 1456 1571 1520 1596; x_wconf 85' lang='lat' dir='ltr'>va-</span> 
     </span>
     <span class='ocr_line' id='line_1_25' title="bbox 148 1614 1531 1671; baseline 0 -15"><span class='ocrx_word' id='word_1_175' title='bbox 148 1628 242 1658; x_wconf 88' lang='lat' dir='ltr'>tem.</span> <span class='ocrx_word' id='word_1_176' title='bbox 290 1616 412 1656; x_wconf 87' lang='lat' dir='ltr'>Mitto</span> <span class='ocrx_word' id='word_1_177' title='bbox 462 1625 521 1654; x_wconf 87' lang='lat' dir='ltr'>tot</span> <span class='ocrx_word' id='word_1_178' title='bbox 571 1614 856 1655; x_wconf 76' lang='lat' dir='ltr'>celeberrimos</span> <span class='ocrx_word' id='word_1_179' title='bbox 902 1615 1002 1657; x_wconf 81' lang='lat' dir='ltr'>alios</span> <span class='ocrx_word' id='word_1_180' title='bbox 1035 1615 1222 1670; x_wconf 83' lang='lat' dir='ltr'>antiquos</span> <span class='ocrx_word' id='word_1_181' title='bbox 1276 1615 1490 1671; x_wconf 78' lang='lat' dir='ltr'>scriptores</span> <span class='ocrx_word' id='word_1_182' title='bbox 1517 1649 1531 1666; x_wconf 81' lang='lat'>.,</span> 
     </span>
     <span class='ocr_line' id='line_1_26' title="bbox 149 1672 1531 1731; baseline 0.001 -16"><span class='ocrx_word' id='word_1_183' title='bbox 149 1689 328 1731; x_wconf 88' lang='lat' dir='ltr'>quorum</span> <span class='ocrx_word' id='word_1_184' title='bbox 360 1687 481 1728; x_wconf 83' lang='lat' dir='ltr'>opera</span> <span class='ocrx_word' id='word_1_185' title='bbox 516 1673 661 1729; x_wconf 80' lang='lat' dir='ltr'>posteri</span> <span class='ocrx_word' id='word_1_186' title='bbox 691 1673 1003 1715; x_wconf 77' lang='lat' dir='ltr'>admirabuntur</span> <span class='ocrx_word' id='word_1_187' title='bbox 1023 1684 1060 1714; x_wconf 84' lang='lat' dir='ltr'>et</span> <span class='ocrx_word' id='word_1_188' title='bbox 1077 1672 1183 1714; x_wconf 83' lang='lat' dir='ltr'>flexo</span> <span class='ocrx_word' id='word_1_189' title='bbox 1216 1673 1368 1729; x_wconf 75' lang='lat' dir='ltr'>poplite</span> <span class='ocrx_word' id='word_1_190' title='bbox 1413 1689 1531 1716; x_wconf 81' lang='lat' dir='ltr'>vene-</span> 
     </span>
     <span class='ocr_line' id='line_1_27' title="bbox 148 1731 1528 1789; baseline 0.001 -16"><span class='ocrx_word' id='word_1_191' title='bbox 148 1732 363 1773; x_wconf 81' lang='lat' dir='ltr'>rabuntur.</span> <span class='ocrx_word' id='word_1_192' title='bbox 397 1733 483 1772; x_wconf 82' lang='lat' dir='ltr'>Nec</span> <span class='ocrx_word' id='word_1_193' title='bbox 516 1733 636 1773; x_wconf 85' lang='lat' dir='ltr'>etiam</span> <span class='ocrx_word' id='word_1_194' title='bbox 667 1748 759 1774; x_wconf 86' lang='lat' dir='ltr'>sum</span> <span class='ocrx_word' id='word_1_195' title='bbox 811 1732 1113 1789; x_wconf 81' lang='lat' dir='ltr'>praedicaturus</span> <span class='ocrx_word' id='word_1_196' title='bbox 1145 1731 1316 1773; x_wconf 84' lang='lat' dir='ltr'>illustres</span> <span class='ocrx_word' id='word_1_197' title='bbox 1350 1731 1528 1789; x_wconf 81' lang='lat' dir='ltr'>pbiloso-</span> 
     </span>
     <span class='ocr_line' id='line_1_28' title="bbox 149 1789 1531 1850; baseline 0.002 -20"><span class='ocrx_word' id='word_1_198' title='bbox 149 1791 252 1847; x_wconf 80' lang='lat' dir='ltr'>phos</span> <span class='ocrx_word' id='word_1_199' title='bbox 274 1823 287 1841; x_wconf 90' lang='lat'>,</span> <span class='ocrx_word' id='word_1_200' title='bbox 319 1789 430 1830; x_wconf 84' lang='lat' dir='ltr'>haud</span> <span class='ocrx_word' id='word_1_201' title='bbox 462 1790 675 1831; x_wconf 54' lang='lat' dir='ltr'>Arcti-itam</span> <span class='ocrx_word' id='word_1_202' title='bbox 706 1790 992 1842; x_wconf 84' lang='lat' dir='ltr'>Tarentinum,</span> <span class='ocrx_word' id='word_1_203' title='bbox 1014 1806 1094 1832; x_wconf 87' lang='lat' dir='ltr'>non</span> <span class='ocrx_word' id='word_1_204' title='bbox 1116 1790 1389 1850; x_wconf 80' lang='lat' dir='ltr'>Pythagoram</span> <span class='ocrx_word' id='word_1_205' title='bbox 1430 1790 1531 1834; x_wconf 86' lang='lat' dir='ltr'>Cro-</span> 
     </span>
     <span class='ocr_line' id='line_1_29' title="bbox 150 1847 1528 1906; baseline 0.003 -18"><span class='ocrx_word' id='word_1_206' title='bbox 150 1849 371 1897; x_wconf 77' lang='lat' dir='ltr'>toniatem‚</span> <span class='ocrx_word' id='word_1_207' title='bbox 406 1847 584 1905; x_wconf 77' lang='lat' dir='ltr'>aliosque</span> <span class='ocrx_word' id='word_1_208' title='bbox 615 1860 854 1898; x_wconf 81' lang='lat' dir='ltr'>sexcentos,</span> <span class='ocrx_word' id='word_1_209' title='bbox 885 1851 957 1906; x_wconf 90' lang='lat' dir='ltr'>qui</span> <span class='ocrx_word' id='word_1_210' title='bbox 1002 1860 1162 1890; x_wconf 85' lang='lat' dir='ltr'>tantum</span> <span class='ocrx_word' id='word_1_211' title='bbox 1210 1861 1393 1892; x_wconf 86' lang='lat' dir='ltr'>nostram</span> <span class='ocrx_word' id='word_1_212' title='bbox 1439 1850 1528 1892; x_wconf 89' lang='lat' dir='ltr'>illu-</span> 
     </span>
     <span class='ocr_line' id='line_1_30' title="bbox 150 1907 1521 1960; baseline 0.002 -12"><span class='ocrx_word' id='word_1_213' title='bbox 150 1918 332 1949; x_wconf 76' lang='lat' dir='ltr'>strarunt</span> <span class='ocrx_word' id='word_1_214' title='bbox 363 1907 518 1949; x_wconf 81' lang='lat' dir='ltr'>Italiam</span> <span class='ocrx_word' id='word_1_215' title='bbox 544 1939 559 1958; x_wconf 80' lang='grc'>,</span> <span class='ocrx_word' id='word_1_216' title='bbox 598 1920 643 1948; x_wconf 83' lang='lat' dir='ltr'>ut</span> <span class='ocrx_word' id='word_1_217' title='bbox 677 1909 762 1948; x_wconf 85' lang='lat' dir='ltr'>iure</span> <span class='ocrx_word' id='word_1_218' title='bbox 793 1911 942 1949; x_wconf 88' lang='lat' dir='ltr'>merito</span> <span class='ocrx_word' id='word_1_219' title='bbox 977 1922 1120 1949; x_wconf 84' lang='lat' dir='ltr'>eorum</span> <span class='ocrx_word' id='word_1_220' title='bbox 1154 1909 1351 1960; x_wconf 82' lang='lat' dir='ltr'>nomina,</span> <span class='ocrx_word' id='word_1_221' title='bbox 1373 1919 1411 1949; x_wconf 85' lang='lat' dir='ltr'>et</span> <span class='ocrx_word' id='word_1_222' title='bbox 1432 1911 1521 1951; x_wconf 85' lang='lat' dir='ltr'>scri-</span> 
     </span>
     <span class='ocr_line' id='line_1_31' title="bbox 151 1965 1527 2022; baseline 0.004 -18"><span class='ocrx_word' id='word_1_223' title='bbox 151 1978 215 2021; x_wconf 82' lang='lat' dir='ltr'>pta</span> <span class='ocrx_word' id='word_1_224' title='bbox 248 1966 298 2007; x_wconf 83' lang='lat' dir='ltr'>ad</span> <span class='ocrx_word' id='word_1_225' title='bbox 331 1977 516 2022; x_wconf 83' lang='lat' dir='ltr'>posteros</span> <span class='ocrx_word' id='word_1_226' title='bbox 549 1966 672 2007; x_wconf 84' lang='lat' dir='ltr'>veluti</span> <span class='ocrx_word' id='word_1_227' title='bbox 706 1965 961 2007; x_wconf 78' lang='lat' dir='ltr'>venerandae</span> <span class='ocrx_word' id='word_1_228' title='bbox 989 1965 1241 2022; x_wconf 82' lang='lat' dir='ltr'>antiquitatis</span> <span class='ocrx_word' id='word_1_229' title='bbox 1259 1979 1527 2010; x_wconf 82' lang='lat' dir='ltr'>monumenta</span> 
     </span>
     <span class='ocr_line' id='line_1_32' title="bbox 149 2024 1526 2079; baseline 0.003 -14"><span class='ocrx_word' id='word_1_230' title='bbox 149 2027 420 2079; x_wconf 77' lang='lat' dir='ltr'>pervenerint.</span> <span class='ocrx_word' id='word_1_231' title='bbox 459 2025 582 2066; x_wconf 67' lang='lat' dir='ltr'>Hand</span> <span class='ocrx_word' id='word_1_232' title='bbox 617 2024 778 2066; x_wconf 78' lang='lat' dir='ltr'>tandem</span> <span class='ocrx_word' id='word_1_233' title='bbox 811 2027 1062 2066; x_wconf 86' lang='lat' dir='ltr'>mentionem</span> <span class='ocrx_word' id='word_1_234' title='bbox 1094 2025 1236 2067; x_wconf 79' lang='lat' dir='ltr'>faciam</span> <span class='ocrx_word' id='word_1_235' title='bbox 1253 2025 1526 2069; x_wconf 80' lang='lat' dir='ltr'>nobilissimae</span> 
     </span>
     <span class='ocr_line' id='line_1_33' title="bbox 147 2083 1522 2140; baseline 0.003 -18"><span class='ocrx_word' id='word_1_236' title='bbox 147 2083 437 2139; x_wconf 81' lang='lat' dir='ltr'>Neapolitanae</span> <span class='ocrx_word' id='word_1_237' title='bbox 474 2084 784 2140; x_wconf 63' lang='lat' dir='ltr'>philosophicae</span> <span class='ocrx_word' id='word_1_238' title='bbox 817 2084 985 2124; x_wconf 85' lang='lat' dir='ltr'>Scholae</span> <span class='ocrx_word' id='word_1_239' title='bbox 1019 2099 1041 2124; x_wconf 87' lang='lat' dir='ltr'>a</span> <span class='ocrx_word' id='word_1_240' title='bbox 1074 2084 1223 2125; x_wconf 86' lang='lat' dir='ltr'>Seneca</span> <span class='ocrx_word' id='word_1_241' title='bbox 1245 2084 1522 2139; x_wconf 65' lang='lat' dir='ltr'>maximelau·</span> 
     </span>
     <span class='ocr_line' id='line_1_34' title="bbox 150 2140 1528 2200; baseline 0.002 -19"><span class='ocrx_word' id='word_1_242' title='bbox 150 2140 264 2181; x_wconf 77' lang='lat' dir='ltr'>(latae</span> <span class='ocrx_word' id='word_1_243' title='bbox 297 2144 426 2200; x_wconf 82' lang='lat' dir='ltr'>Epist.</span> <span class='ocrx_word' id='word_1_244' title='bbox 460 2143 608 2183; x_wconf 83' lang='lat' dir='ltr'>XCtH.</span> <span class='ocrx_word' id='word_1_245' title='bbox 642 2158 724 2199; x_wconf 84' lang='lat' dir='ltr'>quo</span> <span class='ocrx_word' id='word_1_246' title='bbox 758 2158 874 2198; x_wconf 82' lang='lat' dir='ltr'>saepe</span> <span class='ocrx_word' id='word_1_247' title='bbox 920 2142 1189 2191; x_wconf 80' lang='lat' dir='ltr'>adveniebat,</span> <span class='ocrx_word' id='word_1_248' title='bbox 1243 2155 1288 2184; x_wconf 83' lang='lat' dir='ltr'>ut</span> <span class='ocrx_word' id='word_1_249' title='bbox 1329 2143 1528 2198; x_wconf 73' lang='lat' dir='ltr'>salientes</span> 
     </span>
     <span class='ocr_line' id='line_1_35' title="bbox 153 2199 1530 2260; baseline 0.004 -22"><span class='ocrx_word' id='word_1_250' title='bbox 153 2199 312 2241; x_wconf 83' lang='lat' dir='ltr'>audiret</span> <span class='ocrx_word' id='word_1_251' title='bbox 329 2201 714 2259; x_wconf 74' lang='lat' dir='ltr'>philosophosHinc</span> <span class='ocrx_word' id='word_1_252' title='bbox 726 2203 807 2258; x_wconf 88' lang='lat' dir='ltr'>ipse</span> <span class='ocrx_word' id='word_1_253' title='bbox 821 2204 1101 2242; x_wconf 85' lang='lat' dir='ltr'>Metronacten</span> <span class='ocrx_word' id='word_1_254' title='bbox 1117 2202 1406 2260; x_wconf 78' lang='lat' dir='ltr'>philosophum</span> <span class='ocrx_word' id='word_1_255' title='bbox 1417 2219 1530 2245; x_wconf 86' lang='lat' dir='ltr'>com-</span> 
     </span>
     <span class='ocr_line' id='line_1_36' title="bbox 151 2259 1514 2318; baseline 0.001 -19"><span class='ocrx_word' id='word_1_256' title='bbox 151 2259 315 2300; x_wconf 80' lang='lat' dir='ltr'>mendat</span> <span class='ocrx_word' id='word_1_257' title='bbox 335 2291 348 2311; x_wconf 90' lang='lat'>‚</span> <span class='ocrx_word' id='word_1_258' title='bbox 395 2275 416 2300; x_wconf 88' lang='lat' dir='ltr'>a</span> <span class='ocrx_word' id='word_1_259' title='bbox 448 2274 532 2318; x_wconf 87' lang='lat' dir='ltr'>quo</span> <span class='ocrx_word' id='word_1_260' title='bbox 564 2260 695 2302; x_wconf 87' lang='lat' dir='ltr'>multa</span> <span class='ocrx_word' id='word_1_261' title='bbox 726 2261 838 2303; x_wconf 86' lang='lat' dir='ltr'>utilia</span> <span class='ocrx_word' id='word_1_262' title='bbox 870 2259 1069 2306; x_wconf 82' lang='lat' dir='ltr'>audivisse</span> <span class='ocrx_word' id='word_1_263' title='bbox 1100 2271 1280 2305; x_wconf 80' lang='lat' dir='ltr'>testatur.</span> <span class='ocrx_word' id='word_1_264' title='bbox 1301 2264 1394 2303; x_wconf 81' lang='lat' dir='ltr'>Huc</span> <span class='ocrx_word' id='word_1_265' title='bbox 1412 2276 1514 2306; x_wconf 41' lang='lat' dir='ltr'>cuns</span> 
     </span>
    </p>
   </div>
  </div>
 </body>
</html>
