1920 2579
1482 67 1552 97 111

180 125 391 177 seenium,
421 121 533 164 iocus
565 133 712 177 nempe
743 127 957 176 porrectus
989 125 1084 161 ante
1100 129 1281 167 scenam,
1309 112 1350 155 in
1370 126 1454 170 quo
1472 115 1563 169 pui-

175 189 310 244 pitnm
342 191 428 226 erat
458 181 675 222 excitatum
697 208 710 231 ‚
741 191 825 235 quo
857 177 1072 235 prodirent
1103 174 1336 217 fabularum
1368 182 1525 214 actores
1551 200 1562 226 ‚

175 254 341 302 eratque
371 238 578 298 pulpitum
610 251 775 279 scenam
805 236 911 282 inter
929 269 945 289 ,
984 247 1023 278 et
1053 233 1319 278 orchestram.
1532 287 1540 296 .

290 303 381 342 Hoc
412 313 509 341 vero
542 296 769 337 Theatrum
803 309 887 335 non
921 298 1058 338 solum
1097 291 1288 351 pretiosis
1341 302 1562 353 marmori·

175 361 251 403 bns
272 392 283 412 ,
316 358 483 410 statuis,
514 355 799 411 columnisque
830 354 910 395 fuit
942 355 1184 397 decoratum
1205 382 1217 402 ,
1263 363 1408 391 verum
1442 357 1566 412 etiarn

178 418 437 461 nobilissimis
468 415 641 473 parietes
673 412 843 469 picturis
878 413 1023 454 habuit
1056 412 1250 469 depictos.
1286 408 1418 463 Super
1437 419 1566 445 vonu-

174 478 278 519 toria
312 478 420 532 signa
453 488 501 515 ex
533 488 623 515 aere
654 471 873 528 liquefacta
904 472 959 515 ob
990 473 1136 529 ignitas
1168 468 1357 510 materias
1390 481 1410 505 a
1434 465 1568 529 Vesu-

176 537 242 581 vio
277 536 496 593 productas
527 543 622 574 sunt
655 539 846 588 reperta3
881 541 920 574 et
951 529 1180 574 hodiedum
1228 527 1458 591 Theetrq'rp
1509 537 1570 578 ip-

177 611 267 638 sutu
304 596 517 635 ruinosum
550 600 674 635 restat
705 591 746 630 in
779 590 1053 633 subterraneis
1086 587 1204 631 villae
1248 585 1430 628 Retinae.
1475 581 1567 622 Hu-

183 657 292 695 iusce
323 650 490 693 Theatri
525 665 621 692 vero
652 658 862 690 auctorem
893 650 1100 706 quendam
1137 644 1439 689 Mammianum
1484 640 1572 680 Ru-

182 713 271 752 fum
307 711 428 751 fuisse
459 725 506 750 ex
534 708 669 765 lapide
700 707 820 748 allato
852 723 873 748 a
909 710 1078 750 Venuto
1111 704 1237 747 didici
1267 703 1385 744 Scov-
1432 699 1470 742 d’
1489 698 1573 766 Ef-

183 770 261 810 coi·
301 778 404 825 part.
440 768 490 810 II.
525 782 561 808 c.
595 781 624 808 2.
654 765 724 824 qui
755 764 982 807 Theatrum
1013 764 1065 805 ab
1096 777 1144 805 eo
1177 761 1443 803 eruderatum
1472 758 1572 801 fuis-

187 843 228 868 se
265 836 434 879 narrat,
465 827 505 866 in
537 841 621 882 quo
651 825 730 867 hoc
760 824 838 866 fuit
870 824 1069 866 effossum
1096 835 1279 865 marmor
1298 838 1311 861 .-

274 949 306 985 A
325 974 497 985 ......
515 947 759 996 (1)MAMMI
777 973 787 984 .
808 972 817 982 .
840 944 1068 983 ..RUFUS
1092 971 1103 983 .
1125 945 1248 982 11V1R
1272 973 1282 984 .
1302 943 1492 991 QU1NQ.

532 996 981 1085 THEATRDEOURQO.
999 1073 1011 1084 ·
1011 1020 1222 1035 ......

193 1150 233 1193 in
265 1150 343 1193 aiio
376 1149 564 1209 epistylio
594 1149 704 1192 hisce
734 1148 1035 1192 characteribus
1063 1148 1145 1192 hoc
1174 1148 1289 1193 aliud
1309 1165 1322 1191 :

245 1259 277 1295 L
306 1285 315 1296 .
343 1259 529 1298 ANNIUS
562 1287 571 1296 .
597 1260 630 1295 L
656 1285 666 1296 .
692 1258 722 1295 F
750 1287 759 1296 .
784 1258 1092 1296 MAMMIANUS
1118 1285 1129 1296 .
1153 1258 1318 1296 RUFUS
1350 1287 1358 1295 .
1388 1256 1515 1296 IIVIR

367 1311 530 1356 QUINQ
560 1339 569 1347 .
597 1310 802 1347 THEATR
830 1336 839 1346 .
866 1310 1095 1347 ORCHEST
1124 1337 1133 1347 .
1160 1309 1228 1346 DE
1253 1336 1264 1346 .
1291 1309 1393 1347 SUO

392 1363 422 1398 P
453 1389 462 1398 .
491 1362 739 1399 NUMISIUS
770 1389 780 1400 .
809 1363 838 1398 P
866 1388 876 1398 .
904 1360 934 1398 F
965 1385 975 1396 .
1003 1361 1136 1398 ARCH
1163 1388 1172 1397 .
1201 1361 1333 1397 HERC
1364 1389 1373 1397 .

198 1558 296 1594 cium
326 1557 502 1593 incidisse.
532 1558 676 1593 Praeier
701 1558 789 1595 haec
819 1558 853 1594 in
883 1557 1028 1595 duobus
1054 1570 1168 1608 usque
1195 1559 1302 1596 modo
1331 1561 1466 1597 effossis
1494 1563 1569 1612 opi-

199 1608 253 1643 dis
269 1609 327 1644 vix
345 1621 474 1657 paucae
489 1608 700 1645 cadaverum
725 1622 915 1660 compages
943 1619 1112 1658 repertae.
1128 1609 1181 1644 Ex
1202 1611 1335 1659 quibus
1356 1613 1573 1648 concludvn-

193 1659 280 1693 dum
308 1658 470 1707 opidanis
499 1669 638 1708 tempus
664 1660 791 1708 fugam
818 1660 1012 1710 arripiendi
1042 1660 1150 1695 fuisse
1169 1687 1178 1703 ‚
1205 1668 1238 1696 et
1265 1662 1411 1710 seipsos,
1435 1675 1574 1712 suaque

190 1709 309 1742 omnia
331 1734 341 1750 ,
370 1715 478 1755 atque
506 1713 582 1744 aui-i
612 1710 771 1758 pondera
800 1724 921 1746 secum
948 1709 1152 1746 abstulisse.
1179 1711 1281 1755 Quin
1310 1713 1382 1747 imo
1402 1721 1539 1747 consuit
1564 1741 1572 1755 ‚

193 1769 262 1804 quo
295 1767 450 1804 tempore
475 1759 731 1805 Pompeiorum
773 1759 902 1795 domus
935 1760 1143 1795 eruderatae
1179 1763 1352 1806 suerunt,
1380 1763 1573 1799 obsco-aiu

199 1806 346 1854 dignum
376 1807 485 1842 suissc
506 1836 515 1852 ,
545 1808 717 1856 profugos
743 1808 840 1844 cives
867 1808 1119 1858 locupletiores
1145 1811 1253 1858 paulo
1281 1817 1360 1858 post
1388 1824 1572 1848 excavasse

198 1855 322 1891 domos
343 1884 351 1898 ‚
377 1869 449 1904 qno
478 1857 683 1906 pretiosiora
703 1884 714 1900 ‚
741 1858 768 1894 si
796 1871 890 1908 quae
916 1865 1031 1894 essent
1051 1872 1195 1901 ‚secum
1224 1859 1294 1895 alio
1324 1862 1568 1898 transserram.

300 1909 353 1952 (ι)
382 1907 440 1941 lux
454 1917 487 1942 31
516 1907 594 1942 heic
621 1907 788 1943 adnotare
810 1936 820 1951 ,
851 1909 948 1944 hunc
974 1908 1109 1945 Aulum
1138 1911 1400 1946 Mammianuni
1443 1912 1569 1948 theatri

197 1956 308 1992 buius
337 1956 557 1993 conditorem
587 1959 696 1993 fuisse
718 1986 728 2003 ‚
757 1965 791 1993 et
816 1959 1061 1995 Duumvirum
1091 1961 1406 2009 Quinquennaiem
1434 1962 1574 1998 Hercu-

196 2006 396 2042 laniensem.
425 2007 597 2051 Quamvis
624 2021 706 2045 vero
733 2007 948 2060 Campaniae
978 2009 1082 2045 urbes
1108 2010 1181 2046 fere
1203 2024 1329 2047 omnes
1351 2012 1450 2048 fuere
1463 2013 1573 2048 Grac-

196 2069 255 2092 cae
282 2057 459 2105 originis,
486 2067 521 2094 et
549 2058 754 2095 Atticorum
786 2061 947 2096 moribus
975 2061 1104 2108 seipsas
1132 2061 1381 2109 gubernarunt
1410 2090 1419 2104 ‚
1453 2069 1574 2098 tamen

198 2107 344 2154 vigente
370 2108 535 2144 Romano
563 2108 716 2158 Imperio
745 2111 946 2146 Romanam
979 2112 1192 2154 civitatem,
1221 2120 1255 2147 et
1285 2112 1478 2148 nonnullos
1507 2126 1577 2149 scr-

198 2163 327 2191 varunt
356 2169 439 2192 usus
467 2157 647 2207 antiquos.
675 2161 731 2195 Ex
761 2161 885 2197 Tullio
913 2162 1008 2196 enim
1039 2162 1183 2211 liquet,
1224 2175 1387 2211 magnam
1431 2170 1579 2198 conten-

201 2207 334 2243 tionem
364 2215 519 2244 exortam
545 2209 654 2246 fuisse
680 2210 771 2248 inter
797 2212 1054 2263 Neapolitanos
1076 2239 1086 2258 ,
1114 2219 1148 2248 et
1166 2212 1467 2250 Herculaneuses.
1484 2213 1575 2252 Nam
