1920 2579
241 211 386 248 Tiridatis
410 213 570 243 Armeniae
582 212 671 252 Regis
693 214 723 242 in
747 213 808 243 Pu·

280 256 399 290 teolano
415 257 642 295 amphitheatro
654 256 810 295 egregium

281 300 397 332 facinus
855 294 893 324 23

243 346 334 371 Θολσα
357 338 485 368 Baianus
855 336 894 366 62

245 379 359 410 Totilas
383 380 448 410 Rex
471 379 644 409 Gothorum
675 389 727 421 ¹77
753 380 813 410 Cu-

284 432 347 451 mas
371 428 500 461 occupat
521 419 561 462 89
584 420 620 449 ad
638 421 813 460 Eugubium

290 463 440 492 occiditur
844 460 900 502 178

253 503 380 534 Traiana
404 505 454 533 via
476 501 582 532 eadem
605 514 638 534 ac
677 504 815 535 Puteola-

293 556 327 574 na
687 556 747 575 222
762 552 791 575 et
812 555 899 585 seqq.

249 584 468 616 Trasimundus
492 585 553 615 dux
844 586 900 617 185

249 627 503 668 Tripergularum
537 628 654 658 eversio
698 628 818 669 quando

296 669 406 699 accidit

250 708 452 749 Tripergulae
476 709 675 739 Sudatorium

250 750 451 792 Tripergulae
465 751 547 781 lacus
565 751 645 781 idem
664 763 698 783 ac
722 752 820 784 Aver-

865 669 904 708 43

865 710 905 750 48

291 803 347 821 HUS
866 794 907 831 43

253 832 392 863 Tritulae
417 834 613 866 Sudatorium
867 837 906 867 52

254 874 362 906 Turris
386 876 478 905 Fumi
852 889 905 919 ¹⁰7

251 915 391 945 Τεουλλος
415 918 492 958 quid
516 917 667 959 siguificat
866 919 906 948 62

252 951 359 982 Tul'l'ls
382 959 492 990 Gay-ita
850 960 903 991 181

560 1043 591 1073 V

252 1117 363 1151 Vaciae
386 1123 474 1153 Villa
863 1127 900 1158 81

251 1159 485 1195 Valentinianus
507 1165 675 1207 imperator
707 1167 821 1197 Barba-

290 1212 336 1232 ros
362 1205 444 1245 fugat
641 1209 644 1212 ’
849 1221 903 1251 172

249 1241 444 1276 Vehicularis
457 1269 467 1284 ⁷
482 1248 533 1277 vel
557 1249 742 1279 Veredarius
758 1259 826 1279 cur-

288 1286 335 1315 sus
359 1287 439 1317 idem
462 1299 496 1319 ae
520 1290 667 1320 Publicus

253 1324 396 1358 Veientes
852 1334 908 1364 125

253 1365 330 1397 Vela
355 1370 385 1397 in
410 1371 648 1411 Amphitheatro

254 1407 486 1441 Vetulonienses
509 1410 651 1443 Etruriae
676 1414 784 1455 populi
852 1416 908 1446 125

253 1448 312 1478 Via
335 1451 436 1491 Appia
464 1464 515 1495 ¹9¹
542 1462 571 1484 et
585 1465 672 1496 seqq.
691 1455 823 1486 eiusdem

301 1501 404 1521 cursus

255 1530 314 1561 Via
336 1534 489 1573 Aragonia

252 1572 312 1603 Via
336 1575 495 1616 Campana
533 1587 591 1608 212
616 1586 647 1610 et
682 1590 768 1622 seqq.
793 1589 822 1612 et

292 1617 428 1646 eiusdem
454 1629 558 1650 cursus

252 1655 310 1685 via
333 1659 509 1690 Domitiana
527 1685 534 1698 ‚
561 1669 590 1693 et
612 1664 675 1692 eius
718 1675 822 1695 cursus

294 1700 352 1728 203
375 1707 403 1730 et
423 1711 508 1743 seqq.
533 1715 626 1745 quare
648 1705 692 1735 sic
715 1708 822 1748 appel-

293 1740 354 1769 lata
407 1740 409 1743 “
827 1747 901 1777 ibid.

250 1780 306 1809 Via
331 1783 520 1824 Herculanea
543 1797 644 1828 prope
666 1789 752 1818 Baias
781 1788 821 1818 68
844 1789 903 1819 208

251 1821 310 1851 Via
346 1824 538 1858 Herculanea
575 1839 590 1858 a
625 1829 751 1870 Neapoli
783 1830 821 1860 ad

293 1866 456 1906 Pompeios

870 1522 911 1571 53'

830 1622 905 1653 ibid.

685 1873 744 1900 230
768 1879 796 1901 et
816 1880 900 1913 seqq.

255 1905 316 1935 Via
338 1907 532 1940 Herculanea
556 1922 654 1952 prope
687 1914 819 1943 Caietam
846 1914 904 1943 208

250 1946 310 1976 via
332 1950 471 1981 Atellana
681 1955 740 1984 225
766 1962 793 1985 et
817 1966 900 1996 seqq.

257 1989 314 2017 Via
338 1990 445 2023 Latina
461 2016 469 2031 ,
495 1995 620 2036 eiusque
659 2006 763 2026 cursus
789 2007 846 2026 202
869 2005 899 2027 et

249 2072 307 2102 Via
330 2075 448 2105 Nolana
816 2048 900 2122 segg

250 2112 309 2143 Via
331 2127 347 2146 a
385 2117 462 2147 Nola
486 2119 516 2148 in
541 2118 719 2151 Abellinum
736 2143 746 2161 ,
785 2129 815 2152 et

292 2157 361 2188 iude
385 2160 414 2188 in
438 2161 586 2201 Apuliam
839 2163 897 2195 233

250 2197 310 2228 Via
332 2210 347 2228 a
370 2200 402 2230 S.
430 2198 561 2233 Paulino
582 2210 685 2244 aperta
836 2215 897 2249 229

246 2238 307 2269 Via
331 2242 497 2275 Puteolana
666 2256 725 2286 217
759 2253 788 2277 et
809 2256 893 2290 seqq.

248 2280 309 2311 Via
331 2284 442 2316 Ribera
463 2287 569 2319 eadem
592 2298 626 2319 ac
642 2287 813 2320 Puteolana

268 2333 369 2365 [nova
836 2342 895 2373 2¹9

835 1499 899 1529 ibid
929 1526 933 1532 .

930 1579 933 1581 ·
973 1570 1125 1612 visigothi
1149 1580 1272 1617 quando
1297 1581 1333 1610 ab
1356 1580 1451 1611 Attila
1464 1583 1537 1612 victi
1563 1594 1596 1625 17

1533 160 1614 198 303

951 207 1011 239 Via
1033 205 1213 239 Suessulana
1383 211 1443 241 223
1468 219 1498 241 et
1523 224 1610 254 seqq.

951 249 1013 278 Via
1036 249 1154 279 Vicana
1177 260 1214 292 97
1234 272 1242 288 ,
1267 252 1393 291 eiusque
1417 263 1519 283 cursus
1552 265 1608 284 211

954 290 1033 319 Viae
1075 291 1213 329 Agrestes
1229 313 1237 329 ,
1276 292 1438 332 Lignariae
1453 316 1461 330 ,
1502 302 1532 324 et

957 331 1128 362 pastorales
1554 335 1617 374 243

956 372 1034 401 Viae
1057 373 1232 404 Praetoriae
1255 396 1263 411 ‚
1288 383 1318 406 et
1342 376 1495 408 Militares
1539 378 1618 407 ib1d.

958 413 1050 442 Vicus
1072 415 1279 446 Feniculensis

961 454 1057 484 Vicus
1081 456 1225 486 Maranus
1575 431 1621 503 ζ’]

958 496 1053 525 Vicus
1075 497 1212 528 Iulianus
1577 503 1620 543 98

959 537 1052 566 Vicus
1075 538 1212 569 Planura
1555 545 1612 584 137

960 578 1056 607 Vicus
1077 580 1219 610 Soecavo
1542 586 1619 614 ibid.

962 620 1056 649 Vicus
1079 622 1285 662 Tripergulae
1578 626 1620 665 43

963 659 1047 690 Villa
1070 661 1181 693 Baiana
1205 666 1239 694 C.
1265 666 1401 696 Caesaris
1427 668 1536 699 Dicta·

1007 703 1080 731 toris
1583 709 1625 750 59

963 742 1051 772 Villa
1074 743 1190 776 Baiana
1214 748 1269 778 Cn.
1295 749 1454 791 Pompeii.
1583 751 1625 792 59

968 784 1054 813 Villa
1078 785 1189 817 Baiana
1213 789 1247 818 C.
1276 791 1368 820 Marii
1582 792 1625 833 59

968 825 1053 856 Villa
1074 829 1226 858 Hortensii
1252 831 1364 861 Baiana
1579 832 1620 864 60

967 866 1052 896 Villa
1075 871 1156 899 Iovis
1179 871 1214 900 ad
1238 872 1368 912 Capreas
1562 885 1620 916 ¹¹7

968 908 1053 938 Villa
1076 912 1110 942 C.
1134 913 1227 942 Hirtii
1581 916 1623 946 60

967 949 1052 979 Villa
1074 954 1195 984 Catonis
1217 956 1367 986 Vticensis
1391 956 1429 987 ad
1450 957 1537 988 Baias
1580 958 1622 989 60

967 991 1051 1021 Villa
1074 995 1108 1024 C.
1133 996 1223 1025 Marii
1580 1001 1622 1041 59

966 1032 1051 1062 Villa
1073 1037 1215 1078 Pompeii
1579 1043 1621 1083 59

965 1073 1050 1104 Villa
1073 1078 1108 1107 C.
1136 1081 1269 1109 Caesaris
1292 1081 1458 1112 Dictator-is
1581 1084 1622 1125 59

966 1114 1053 1146 Vilia
1076 1119 1254 1151 Domitiana
1278 1121 1358 1152 Baiis
1581 1126 1622 1156 b'o

965 1156 1051 1187 Villa
1073 1161 1109 1190 L.
1137 1162 1232 1192 Crassi
1250 1155 1260 1164 .
1579 1166 1620 1196 60

965 1197 1051 1228 Villa
1074 1202 1197 1232 Luculli
1221 1206 1399 1236 Misenensis
1579 1218 1621 1251 79

967 1238 1049 1269 Villa
1072 1242 1203 1274 Cornelii
1227 1247 1335 1287 Syllae
1581 1251 1624 1290 59

967 1280 1054 1311 Villa
1075 1285 1175 1326 Sergii
1198 1288 1309 1318 Oratae
1576 1290 1619 1328 45

968 1322 1052 1353 Villa
1074 1326 1195 1358 Pisonis
1582 1332 1622 1364 60

968 1362 1053 1395 Villa
1074 1368 1190 1398 Vaciae
1578 1374 1615 1404 81

968 1404 1052 1435 Villa
1076 1409 1162 1439 Petri
1185 1411 1330 1442 Toletani
1586 1415 1622 1454 14

969 1445 1088 1478 Villula
1101 1462 1196 1493 prope
1209 1462 1331 1492 pontem
1345 1454 1534 1497 Campanum

1014 1490 1053 1518 ab
1075 1493 1202 1523 Horatio
1226 1504 1390 1527 memorata
1562 1500 1621 1541 196

973 1528 1099 1562 Viocuri
1122 1537 1246 1575 quinam
1560 1551 1622 1580 242

1604 1585 1620 1607 f

972 1612 1092 1654 Vitiges
1103 1619 1170 1648 Rex
1186 1620 1360 1653 Gothorum
1379 1632 1432 1663 ¹77
1446 1633 1462 1652 a
1480 1624 1538 1653 Be·
1607 1599 1622 1624 4

1013 1656 1118 1688 lisario
1141 1669 1246 1702 captus
1542 1667 1619 1699 ibid.

964 1695 1094 1729 Vivaria
1133 1704 1229 1733 insula
1249 1725 1257 1740 ‚
1305 1705 1357 1735 vel
1392 1708 1535 1748 scopulus

1006 1749 1100 1782 prope
1123 1743 1313 1787 Prochytam

964 1779 1158 1815 Volaterrani
1183 1789 1287 1828 populi
1312 1789 1454 1819 Etruriae

964 1822 1152 1857 Volumnius
1185 1830 1440 1861 Tirrhenicarum
1479 1839 1536 1861 tra-

1005 1868 1177 1905 gaediarum
1201 1880 1304 1901 auctor

963 1907 1096 1938 Vulcani
1121 1913 1234 1942 Forum
1260 1915 1298 1944 33
1313 1922 1342 1943 et
1361 1925 1446 1956 seqq.
1479 1916 1527 1954 141

1003 1951 1123 1990 quando
1147 1954 1247 1994 ignem
1271 1958 1408 1986 evomuit

962 1990 1094 2022 Vulsinii
1118 1997 1222 2036 populi
1405 2028 1414 2033 ,

961 2034 1073 2064 Vtrum
1091 2037 1121 2065 in
1147 2040 1268 2069 Aniano
1292 2040 1358 2069 lacu
1383 2040 1454 2069 olim
1489 2040 1531 2069 sa-

1564 1751 1620 1781 156

1561 1795 1618 1824 126

1562 1875 1616 1906 133

1541 1958 1616 1986 ibid.

1559 2009 1615 2030 121)

1003 2078 1102 2108 bricae
1125 2078 1238 2110 fuerint
1557 2084 1612 2115 238

1270 2164 1293 2192 Ζ

957 2247 1015 2276 Zea
1039 2256 1189 2288 quaenam
1212 2247 1296 2288 apud
1319 2249 1457 2288 antiquos
1573 2252 1612 2281 36

957 2289 1054 2318 ΖοιΙιο
1077 2291 1100 2321 1.
1133 2291 1208 2320 Dux
1231 2291 1464 2322 Beneventanus
1556 2296 1606 2324 131
