1920 2579
345 154 398 192 22

456 206 565 249 Ludi
599 221 692 249 vero
729 206 771 249 in
826 207 1126 264 amphitheatro
1157 207 1222 252 vel
1259 209 1309 252 ab
1360 206 1709 268 Imperator-ibus,

338 264 399 306 vel
437 280 457 306 a
491 277 628 307 senatu
656 297 668 317 ,
707 267 765 307 vel
800 267 850 308 ab
887 268 971 308 aliis
995 267 1197 310 edendum
1218 269 1383 311 assuetis
1406 267 1629 313 identidem
1643 271 1713 314 fie-

338 323 468 375 bant3
509 323 650 380 hisque
678 324 904 366 ·11a!>end³s
940 325 1047 367 natta
1081 328 1274 379 temporis
1301 327 1561 384 praescriptio
1605 341 1711 381 erat,

338 381 408 422 sed
444 396 518 437 pro
546 397 589 422 re
623 393 736 436 nata,
772 383 833 424 vel
870 398 942 440 pro
972 384 1106 442 aliqua
1145 385 1312 427 victoria
1335 417 1347 436 ‚
1379 387 1438 427 vel
1463 402 1538 443 pro
1568 387 1708 444 aliquo

340 438 441 480 festo
476 439 691 493 ingruente
732 441 855 483 iidem
890 441 1131 485 edebantur.

454 497 664 541 Hactenus
702 498 812 544 dicta
844 510 1031 558 spectant
1063 501 1112 544 ad
1161 501 1371 559 antiquam
1414 504 1709 561 amphitheatri

337 556 540 614 Campani
573 558 807 602 historiam.
843 558 956 615 Quid
986 576 1089 605 aevo
1126 562 1304 618 sequiori
1343 561 1441 603 huic
1488 564 1704 614 evenerit,

337 630 411 671 per
443 624 631 659 auctores
664 618 731 660 vix
773 628 1034 677 compertum
1082 618 1292 661 habemus.
1347 618 1554 663 Credibile
1593 623 1703 664 enim

337 683 398 715 est
418 705 430 724 ‚
447 673 635 717 Barbaris
671 676 712 718 in
751 677 914 721 Italiam
934 693 1054 735 saepe
1076 678 1407 727 advenientibus,
1444 681 1583 723 omnia
1602 681 1701 721 fuis-

337 748 378 773 se
412 731 576 775 redacta
612 735 654 776 in
686 744 915 777 extremum
949 746 1117 777 statum.
1155 739 1351 776 Berolasis
1395 738 1562 779 nomine
1617 747 1709 793 post

337 791 509 830 Romani
547 793 712 847 Imperii
750 792 954 833 excidium
987 792 1293 850 amphitheatro
1320 794 1515 849 imposito
1536 795 1715 852 Campa-

335 862 390 888 no
412 878 424 898 ‚
457 846 562 889 nihil,
597 848 708 890 aliud
740 850 1030 907 sIgnificatur‚
1085 866 1210 906 quam
1235 852 1338 893 Arx.
1390 852 1634 895 Mazochius
1669 851 1717 894 de.

336 903 490 962 Amph.
524 908 669 963 Camp.
704 923 739 949 c.
775 921 801 959 7
854 907 1066 957 affirmat,
1103 908 1345 950 Gothorum
1372 925 1474 953 aevo
1499 911 1715 968 Campano

335 964 379 1005 ir.
420 963 724 1019 amphitheatro
755 964 875 1008 ludos
897 996 910 1016 ,
948 974 988 1006 et
1025 965 1271 1022 gladiatoria
1297 968 1533 1024 spectacula
1555 983 1711 1025 magno

336 1022 459 1064 fuisse
491 1022 534 1064 in
567 1022 717 1081 pretio.
754 1024 809 1066 At
844 1022 1114 1080 Langobardi
1150 1034 1291 1079 postea
1316 1057 1327 1074 ,
1362 1026 1432 1082 qui
1453 1026 1603 1067 Gothis
1626 1042 1718 1068 suc-

339 1096 534 1131 cessere,
585 1082 726 1139 plures
761 1080 852 1137 igne
894 1092 1218 1126 concremarunt
1264 1083 1416 1133 urbes,
1463 1099 1562 1139 quas
1610 1085 1720 1125 inter

337 1140 481 1196 Capua
511 1140 561 1182 ab
611 1139 755 1183 iisdem
787 1140 983 1188 incensa,
1039 1156 1127 1197 quo
1181 1151 1366 1198 tempore
1417 1141 1724 1199 amphitheatro

338 1196 536 1240 damnum
577 1199 702 1241 etiam
733 1201 960 1241 maximum
999 1198 1078 1240 fuit
1108 1199 1293 1241 allatum.

455 1257 548 1300 Hoc
581 1273 676 1302 vero
707 1258 870 1316 insigne
903 1258 1156 1315 antiquitatis
1209 1267 1562 1312 monumentum,
1611 1261 1724 1317 quod

340 1314 548 1358 decertare
581 1326 741 1373 poterat
773 1333 870 1359 cum
909 1316 1101 1359 diuturna
1137 1318 1404 1359 saeculorum
1432 1318 1722 1375 longaevitate,

341 1390 364 1416 a
393 1374 581 1416 Barbaris
615 1377 710 1433 igne
742 1386 1074 1433 consumptum,
1108 1384 1147 1416 et
1175 1375 1214 1418 in
1235 1375 1340 1418 arcis
1374 1385 1515 1433 postea
1549 1376 1727 1420 formam

342 1433 393 1474 ab
428 1433 532 1488 ipsis
560 1433 636 1476 fuit
677 1434 893 1478 redactum
923 1467 936 1485 ‚
973 1445 1022 1477 ut
1050 1434 1175 1491 paulo
1209 1444 1301 1476 ante
1334 1433 1526 1477 diximus.

465 1492 560 1534 Hoc
594 1493 759 1536 tandem
791 1503 1112 1537 monumentum
1135 1525 1146 1543 ,
1180 1503 1225 1534 ut
1259 1493 1488 1536 affirmatur
1532 1510 1554 1536 a
1586 1494 1730 1536 Μετο-

346 1549 445 1592 chio
478 1550 573 1593 loco
608 1561 699 1593 ante
734 1553 802 1596 cit.
836 1554 1092 1610 Campanam
1124 1551 1302 1593 erexisse
1334 1553 1556 1595 Coloniam
1579 1551 1723 1607 liquet;

347 1623 444 1649 nam
477 1607 518 1648 in
552 1610 728 1651 coloniis
766 1627 890 1653 suum
918 1612 1066 1668 cuique
1086 1609 1160 1650 fuit
1182 1611 1390 1651 aerarium
1409 1640 1420 1659 ,
1453 1609 1723 1666 quemadmo-

346 1665 446 1707 dum
477 1674 517 1707 et
552 1666 627 1723 ipsi
663 1668 829 1710 Bimae.
866 1669 1008 1726 Capua
1040 1669 1149 1709 enim
1184 1666 1380 1709 ditissima
1417 1667 1658 1718 habebatur,
1679 1678 1719 1710 et

300 1733 303 1742 ‘
344 1723 525 1767 redditus
557 1725 701 1768 habuit
735 1727 962 1780 maxims>83
1007 1727 1274 1783 Leucogaeos
1310 1726 1548 1783 praesertim
1578 1741 1718 1783 posse-

344 1781 404 1824 dit
436 1785 561 1826 colles
597 1784 640 1825 in
676 1801 776 1841 agro
806 1786 982 1828 Leborio
1005 1817 1017 1835 ,
1055 1785 1236 1839 aliasque
1284 1783 1524 1827 innumeras
1564 1800 1727 1842 posses-

345 1842 479 1883 siones
512 1845 575 1886 vel
608 1843 843 1900 principum
867 1843 1112 1885 liberalitate
1138 1874 1151 1893 ,
1198 1843 1262 1886 vel
1317 1843 1585 1898 privatorum.
1640 1841 1726 1884 Ad-

345 1899 448 1942 haec
492 1901 703 1956 portoria,
744 1912 783 1944 et
816 1902 1070 1959 vectigalia,
1108 1901 1255 1958 quibus
1277 1902 1493 1957 Augustus
1531 1914 1627 1943 suas·
1670 1898 1726 1941 di-

347 1958 445 2001 tavit
477 1959 661 2001 colonias
683 1991 694 2011 ‚
729 1963 767 2000 in
807 1961 952 2017 quibus
988 1959 1131 2014 Capua
1178 1958 1287 2009 fuit,
1339 1968 1385 1999 ut
1422 1975 1471 2000 ex
1528 1959 1723 2000 Suetonio

349 2025 509 2058 constat
545 2018 585 2057 in
619 2018 702 2060 eius
735 2020 817 2060 vita
850 2034 885 2060 c.
921 2021 988 2069 46.
1021 2017 1131 2059 Hinc
1167 2017 1322 2058 mirum
1355 2031 1438 2058 non
1458 2032 1543 2059 esse
1561 2016 1725 2068 debuit,

350 2074 382 2115 si
419 2074 526 2117 hanc
556 2075 777 2118 immanem
809 2075 1098 2132 amphitheatri
1119 2075 1276 2116 molem
1309 2076 1512 2131 erexerint
1543 2075 1719 2130 Campa-

349 2132 420 2186 ni,
455 2148 533 2190 qua
569 2141 631 2177 vix
662 2136 920 2191 subiungitur
955 2150 977 2176 a
1010 2132 1230 2176 Mazochio
1268 2135 1365 2178 loco
1404 2143 1499 2176 ante
1533 2134 1600 2177 cit.
1637 2152 1723 2176 ma-

349 2192 407 2233 ior
442 2195 606 2234 conlatis
638 2211 775 2250 regum
810 2196 950 2250 opibus
985 2192 1118 2235 attolli
1149 2197 1286 2249 possit.
1322 2193 1417 2236 Hoc
1439 2191 1603 2235 tandem
1636 2210 1723 2237 am·

349 2249 631 2307 phitheatrum
661 2263 846 2296 erectum
879 2252 1001 2295 fuisse
1033 2251 1211 2294 creditur
1243 2262 1335 2294 ante
1386 2252 1628 2309 Vespasiani
1661 2269 1723 2299 ae÷

337 2326 438 2355 vum
460 2340 473 2359 ‚
506 2309 554 2354 de
588 2327 668 2370 quo
701 2311 896 2356 confersis
930 2326 1137 2370 quaenam
1169 2310 1237 2371 CI.
1270 2320 1416 2355 auctor
1446 2310 1600 2356 ibidem
1626 2313 1714 2371 opi7

345 2379 481 2412 natur.
