1920 2579
293 101 385 153 284

298 159 344 200 In
377 157 454 211 hac
484 165 622 199 autem
660 153 882 212 stephania
910 154 1142 207 Cathedrali
1178 156 1276 201 suit.
1324 158 1672 204 enectum-..cubi-

300 217 474 272 culum,
526 226 588 258 ut.
621 215 796 272 appellat
843 214 1013 257 Ioannes
1041 215 1250 259 Diaconus
1266 248 1284 271 ,
1335 217 1460 275 idque
1506 217 1674 261 illorum

284 273 518 318 'commodo
539 304 552 324 ,
583 273 653 331 qui
681 284 847 325 oratum*
875 271 1153 320 adveniebant.
1186 271 1321 318 Locus
1334 275 1408 317 iste
1424 291 1535 318 exeo
1564 288 1667 318 tem-

301 349 396 387 pore
425 333 504 374 fuit
541 341 799 388 nuncupatus
833 335 875 376 S.
911 330 1114 374 Ianuarii
1155 333 1386 377 Ecclesia.
1409 334 1463 376 ob
1510 336 1666 389 sangni-

297 393 388 443 nis,
425 401 464 432 et
494 389 647 445 capitis·
691 389 878 448 reliquias
898 420 914 441 ,
965 406 1065 449 quae
1093 390 1150 432 ibi
1181 393 1462 441 servabantur.
1497 391 1671 435 Ioannes

296 444 500 491 Diaconos
529 446 762 493 memoriae„
785 447 968 505 prodidit
986 450 1025 491 S.
1059 449 1328 496 Athanasium
1351 448 1668 507 Neapolitanum

298 509 546 565 Episcopum
579 506 660 548 hoc
693 505 934 550 Oratorium
955 540 971 559 ,
1007 508 1070 550 vel
1105 508 1351 550 Cubiculum
1371 510 1602 559 restituisse,
1630 519 1670 551 et

302 568 417 621 plura
449 563 713 606 adiunxisse:
745 558 1002 616 Ecclesiam
1038 567 1083 608 S.
1120 566 1310 608 Ianuarii
1340 568 1384 608 in
1439 572 1554 623 ips-01
1588 561 1668 608 Cu-

295 625 437 668 biculo
465 623 652 680 positam
684 624 947 679 renovavit,
982 625 1271 682 nobiliumque
1303 623 1531 666 doctorum
1573 626 1664 681 effi-

295 689 388 742 gies
438 683 480 733 in
513 691 565 722 e'a
616 682 848 737 depinxit,
871 682 1056 733 faciens
1090 683 1148 724 ibi
1192 697 1481 724 marmoreum
1528 685 1669 724 altare

296 757 396 784 cum
428 740 605 798 regiolis
638 741 713 797 (1)
749 741 978 796 argenteis.
1012 742 1157 796 Supra
1189 740 1307 798 quod
1325 741 1529 782 velamen
1561 756 1665 794 coo-

289 805 435 857 per-uit
456 829 469 851 ‚
519 798 562 840 in
594 814 679 857 quo
711 797 966 854 martyrium
1001 799 1048 841 S.
1099 799 1324 850 Ianuarii,
1356 804 1532 857 eiusque
1582 799 1663 840 So-

294 864 461 901 ciorum
491 857 711 911 acupictili
739 854 807 913 (2)
849 870 979 911 opere
1015 857 1202 914 digessit.
1224 855 1396 899 Eodem
1426 864 1541 899 enim
1560 867 1659 911 opie-

298 933 346 958 re
380 922 424 958 in
460 915 671 958 Ecclesia
700 915 939 970 stephania
973 916 1178 957 tredecim
1218 931 1393 970 patmos
1409 917 1536 968 fecit..
1569 916 1662 957 Hoc

297 991 392 1017 vero
429 973 713 1025 Cubiculum,
751 974 812 1014 vel
843 972 1024 1014 aedicula
1055 974 1097 1018 S.
1131 974 1307 1016 Ianuarii
1337 974 1487 1015 fuit‘in
1520 973 1661 1014 eadem

292 1032 472 1076 Ecclesia
509 1034 547 1074 S.
581 1031 836 1082 Restitutae,
874 1047 978 1088 quae
1009 1044 1244 1089 nuncupata
1275 1033 1353 1074 fuit
1382 1047 1557 1089 quoque.
1590 1032 1658 1072 SS.

294 1090 525 1133 Salvatoris.
556 1091 607 1134 In
636 1091 774 1140 eadem
807 1090 885 1131 fuit
918 1091 1039 1132 turris
1059 1122 1075 1142 ,
1109 1106 1234 1147 supra
1265 1106 1389 1147 quam
1421 1089 1663 1132 adscenden-

297 1149 399 1190 dnm
446 1160 531 1200 erat
575 1162 646 1203 per
698 1145 846 1189 scalam
889 1147 1168 1201 cochlearem,
1213 1149 1284 1197 *ubi
1335 1149 1471 1191 aderat
1524 1149 1563 1189 S.
1602 1148 1662 1188 Ia-

290 1207 423 1249 nuarii
471 1206 674 1257 Ecclesia,
725 1205 766 1245 in
813 1220 893 1261 qua
940 1219 1076 1246 sacrae
1127 1207 1390 1247 servabantur
1422 1206 1647 1262 reliquiae,

295 1280 420 1321 eaque
450 1263 526 1307 fuit
562 1263 614 1305 ad
644 1264 848 1305 sinistram
889 1274 1054 1321 portam
1091 1277 1219 1305 novae
1267 1264 1468 1307 Ecclesiae
1514 1263 1662 1306 Cathe-

301 1323 434 1366 dralis.
1037 1354 1039 1356 .
1235 1362 1237 1371 2

409 1379 601 1423 AEdicula
633 1379 783 1421 isthaec
816 1382 1012 1437 temporis
1051 1395 1262 1436 progressu
1295 1389 1434 1422 ornata
1460 1411 1472 1430 ‚
1514 1388 1552 1420 et
1601 1394 1662 1428 reg

293 1441 430 1483 stituta
461 1440 541 1481 fuit
572 1454 594 1479 a
627 1440 756 1481 Maria
788 1438 982 1480 Toletana
1015 1439 1262 1481 Ferdinandi
1297 1438 1552 1495 Neapolitani
1585 1439 1662 1477 Re-

294 1499 360 1555 gni
393 1499 521 1543 vicem
563 1498 739 1555 gerentis
774 1511 898 1538 uxore
928 1513 1035 1539 anno
1062 1497 1294 1540 =MDLVIL
1330 1507 1373 1538 ut
1404 1497 1542 1539 scribit
1574 1497 1662 1536 Ma-

293 1557 487 1609 zochius,
519 1556 570 1598 de
602 1555 796 1598 Cathedr.
831 1569 990 1612 semper
1024 1556 1139 1598 unica
1171 1572 1258 1612 pag.
1299 1558 1350 1607 48
1373 1589 1384 1610 ‚
1418 1567 1464 1597 ut
1485 1564 1592 1612 patet
1612 1567 1658 1593 ex

292 1615 425 1669 lapide
448 1647 460 1667 ,
497 1630 619 1671 quem
652 1614 794 1665 affert,
832 1625 1047 1670 narratque
1079 1614 1340 1657 Sacerdotem
1378 1614 1581 1672 quendam
1615 1626 1658 1651 ex

292 1673 394 1715 scala
433 1674 653 1725 cecidisse,
710 1674 810 1713 dum
854 1674 974 1713 sacris
1018 1688 1113 1714 cum
1141 1673 1334 1729 Martyris
1386 1674 1563 1730 reliqniis
1595 1669 1660 1709 de-

293 1732 530 1784 scenderet,
582 1747 654 1773 nec
686 1731 930 1777 detrimento
971 1731 1053 1772 ullo
1087 1743 1265 1787 captum.
1306 1731 1437 1772 Hinc‘
1470 1731 1533 1787 pia
1573 1742 1662 1768 mu·

289 1789 363 1831 lier
394 1789 448 1833 ob
481 1801 641 1831 tantum
676 1789 919 1831 miraculum
952 1789 1175 1834 Ecclesiam
1208 1790 1312 1831 hanc
1342 1790 1520 1830 restituit
1553 1789 1591 1828 in
1620 1785 1661 1825 S.

295 1849 490 1907 Martyris
540 1849 751 1890 honorem.
785 1848 975 1888 Tutinius
1006 1848 1084 1891 hoc
1116 1849 1239 1890 etiam
1276 1848 1492 1890 memoriae
1523 1843 1661 1904 prodi·

387 2060 441 2102 (ι)
468 2056 677 2093 Μεηοώῐιιε
706 2055 750 2091 de
777 2055 879 2091 Cath.
906 2056 1020 2104 Neap.
1047 2066 1130 2104 pag.
1163 2054 1210 2100 4⁴2
1237 2053 1332 2088 hanc
1375 2065 1493 2089 vocem
1529 2053 1660 2101 Regio-

285 2108 338 2141 las
365 2107 552 2155 appellat,
580 2119 672 2155 quae
700 2106 738 2141 S.
768 2106 926 2141 Ianuarii
955 2107 1092 2155 lipsana
1121 2103 1350 2140 claudebant.
1386 2120 1389 2123 ·
1496 2106 1504 2120 ²
1536 2105 1539 2108 ’

387 2156 447 2205 (⁴2.)
475 2157 572 2205 Opus
618 2157 809 2203 acupictile
853 2157 952 2191 iuxta
993 2154 1150 2191 eundem
1178 2154 1407 2190 Mazochium
1453 2141 1541 2186 ibid.
1569 2164 1659 2200 opus

287 2205 500 2291 iutellig'ffssr
524 2207 945 2257 .Phrygium-lonicum.,
995 2207 1031 2242 in
1070 2218 1141 2254 quo
1184 2203 1358 2252 descripta
1401 2212 1473 2237 erat
1516 2200 1660 2237 historia

294 2256 441 2306 Evange
459 2270 526 2294 ica.
1421 2271 1423 2274 ·
