1920 2579
306 124 324 138 l

271 139 322 163 20

272 183 364 221 dam
399 179 474 219 fuit
512 189 708 220 erectum.
735 181 778 222 ln
817 177 897 220 hoc
916 187 1054 219 autem
1074 174 1165 220 loeo
1185 177 1396 221 alebantur
1440 178 1603 222 bestiae
1637 214 1653 235 ,

273 253 378 294 quae
409 237 575 294 quidem
614 250 737 294 prout
775 239 923 280 festum
960 236 1153 293 aliquod,
1179 238 1239 280 vel
1260 238 1414 295 publici
1436 238 1523 280 ludi
1563 240 1657 283 ede-

273 307 450 348 rentur,
508 297 837 351 emittebantur,
893 311 977 354 quo
1023 296 1177 353 populo
1225 297 1454 354 spectacula
1492 298 1651 341 darent.

273 360 428 397 Earum
478 370 572 397 vero
612 356 791 398 serarum
823 370 1021 397 numerus
1057 371 1106 397 eo
1130 356 1338 409 excrevit,
1374 367 1420 398 ut
1461 356 1514 397 ad
1559 372 1658 413 quan

271 426 367 455 tuor
418 413 480 456 vel
526 416 709 471 quinque
766 415 891 456 millia
953 415 993 455 in
1044 415 1346 471 amphitheatro
1377 445 1392 466 ‚
1462 417 1522 457 vel
1580 418 1660 458 alio

272 472 437 528 publico
490 472 580 514 loco
633 476 873 530 pervenerit.
925 473 1044 515 Hauc
1101 475 1226 530 ipsam
1277 474 1556 515 narrationem
1612 491 1660 517 ex

272 531 516 588 Tranquillo
569 534 610 573 in
649 532 746 574 Tito
786 548 819 573 c.
875 549 895 590 7
939 532 1194 589 accipimus,
1251 533 1321 589 qui
1367 532 1536 583 scribit,
1584 549 1664 575 una

274 590 339 630 (lie
370 593 550 649 quinque
606 591 731 631 millia
775 591 957 633 ferarum
1005 606 1126 632 omne
1175 607 1299 648 genus
1345 590 1542 634 ludorum
1580 589 1664 633 etli-

273 647 389 692 disse.
440 650 618 692 Eaedem
668 664 761 691 vero
799 650 991 702 bestiae,
1049 665 1154 706 quae
1208 666 1278 706 per
1330 648 1500 703 longum
1560 661 1659 691 tem·

273 723 350 763 pus
391 708 433 749 in
471 708 611 750 eodem
650 709 864 750 alebantur
899 708 1067 751 Vivari0
1091 710 1360 764 ,plerumque
1395 722 1444 749 eo
1480 723 1666 750 mansue·

274 766 429 807 tudinis
461 765 778 821 perveniebant,
817 777 862 806 ut
889 765 1112 805 identidem
1153 780 1297 805 currus
1329 765 1391 805 vel
1429 765 1472 806 in
1503 767 1624 807 Circo

277 823 339 863 vel
366 825 406 863 iu
443 822 768 878 Amphitheatro
801 823 1022 863 traherent.

391 882 483 922 Hoc
517 880 767 922 Catabolum
803 883 970 934 insuper
1006 881 1082 921 fuit
1114 891 1326 936 repertum
1360 880 1657 936 aPellegrinio‚

275 951 322 981 ut
353 950 523 983 testatur
543 939 749 981 Pratillius
782 938 832 979 de
866 938 947 978 Via
981 938 1116 994 Appia
1157 938 1224 978 lib.
1242 938 1319 981 111.
1357 954 1389 979 c.
1418 954 1433 981 ι
1468 941 1539 996 qui
1580 955 1668 980 nar-

275 1009 338 1040 rat
370 999 448 1039 hoc
486 1012 624 1054 reapse
665 1013 748 1039 esse
791 1012 920 1054 prope
957 999 1112 1038 Mariae
1151 997 1387 1038 Gratiarum
1427 998 1607 1049 AEdem‚
1632 1008 1670 1039 et

279 1057 593 1098 subterraneum
634 1071 717 1097 esse
752 1054 887 1098 locur'n
923 1054 1144 1096 duodecim
1182 1057 1342 1112 palmos
1374 1055 1670 1111 Neapolitanos

277 1116 439 1168 latum,
474 1126 512 1156 et
547 1114 750 1156 sexdecim
791 1112 1018 1155 altitudine.
1054 1115 1132 1154 Per
1162 1113 1274 1154 hunc
1320 1112 1469 1155 bestiae
1502 1114 1543 1154 in
1581 1130 1666 1155 am-

276 1174 509 1231 phitheatro
541 1173 816 1216 ducebantur.
847 1176 895 1215 ln
915 1172 1118 1227 aliquibus
1139 1170 1429 1213 Instrumentis
1450 1171 1500 1214 ab
1523 1173 1667 1214 eodem

277 1232 462 1275 Pratillio
494 1231 623 1273 allatis
654 1231 830 1288 legitur3
871 1231 943 1273 Ad
977 1232 1125 1273 Scollla
1162 1245 1293 1288 prope
1338 1230 1576 1273 Catabolum
1617 1236 1672 1274 aa!

278 1294 517 1335 occidentem
539 1322 551 1341 ,
586 1290 657 1331 ubi
689 1291 747 1333 ad
774 1291 928 1334 Scollia
961 1290 1064 1332 nihil
1087 1288 1199 1331 aliud
1230 1304 1312 1331 esse
1328 1290 1528 1341 creditur,
1548 1305 1671 1347 quam

278 1352 409 1393 vicina
441 1350 719 1406 gladiatorum
750 1350 923 1406 schola,
968 1350 1039 1406 qui
1076 1363 1173 1391 cum
1205 1346 1343 1391 bestiis
1389 1349 1431 1390 in
1471 1348 1673 1393 Catabolo

280 1420 489 1451 manentes
525 1424 609 1452 sese
661 1409 916 1451 exercebant.
963 1409 1053 1450 Hae
1085 1406 1254 1449 tandem
1282 1406 1565 1450 subterraneae
1605 1422 1669 1449 ca·

284 1485 379 1510 veae
411 1470 519 1512 viam
549 1466 754 1510 habebant
790 1469 832 1509 in
868 1469 1001 1524 ipsam
1036 1465 1326 1524 amphitheatri
1366 1480 1542 1507 arenam.

127 1559 212 1584 mu,
402 1530 535 1583 Prope
570 1527 689 1568 etiam
717 1527 1069 1582 amphitheatrum
1106 1540 1154 1566 ex
1189 1524 1407 1566 Mazochio
1428 1525 1551 1566 fuisse
1571 1525 1674 1565 aeci-

82 1595 266 1621 nlidtatorius.
288 1585 422 1644 pimus
455 1586 617 1628 Ludum
658 1587 953 1628 Gladiatorium
975 1616 985 1636 ,
1034 1595 1081 1626 ut
1119 1598 1168 1624 ex
1212 1583 1332 1624 variis
1361 1583 1448 1636 ipse
1488 1593 1670 1626 veteruiu

285 1644 573 1687 aedificiorum
605 1645 739 1699 arguit
770 1644 910 1684 ruinis.
946 1643 1110 1698 Capuae
1158 1640 1259 1682 olim
1300 1640 1455 1682 celeber
1489 1640 1567 1681 fuit
1605 1641 1670 1681 hic

281 1703 402 1747 ludus
424 1735 437 1755 ‚
464 1718 512 1745 ex
541 1718 626 1760 quo
657 1716 765 1743 anuo
797 1701 846 1744 ab
872 1704 927 1744 V.
961 1700 1009 1743 C.
1044 1699 1293 1742 DCLXXX.
1326 1698 1477 1740 Servile
1511 1697 1666 1741 bellum

284 1765 326 1805 in
358 1762 554 1804 Romanis
583 1761 696 1803 <fastis
729 1760 807 1802 fuit
837 1760 1064 1801 conflatum
1100 1759 1205 1800 duce
1237 1760 1461 1813 Spartaco,
1499 1767 1545 1797 ut
1577 1756 1667 1797 fuse·

286 1832 453 1864 narrant
490 1821 674 1863 Velleius
706 1819 945 1860 Paterculus
975 1817 1045 1859 lib.
1077 1817 1107 1857 Ι.
1141 1832 1173 1857 e.
1212 1821 1268 1859 30
1315 1817 1459 1857 Florus
1492 1814 1559 1856 lib.
1586 1814 1660 1855 ΙΙΙ.

286 1897 322 1923 ο.
358 1896 413 1924 20
443 1880 602 1937 aliique.
654 1878 702 1920 Iu
735 1878 816 1918 hoc
851 1886 991 1918 autem
1021 1875 1122 1917 ludo
1156 1874 1257 1931 quid
1292 1874 1515 1929 agebatur,
1547 1887 1670 1929 quae-

287 1955 384 1982 nam
414 1939 686 1995 gladiatorum
702 1937 843 1979 munia
863 1970 877 1990 ,
910 1949 1114 1992 quaenam
1133 1934 1238 1975 vitae
1256 1934 1386 1986 ratio,
1420 1931 1563 1973 videsis
1583 1931 1667 1971 Ro-

292 2014 402 2041 man.
413 2002 421 2005 ”
437 1998 608 2054 Antiqq.
631 1996 863 2053 scriptores.

1655 801 1669 820 ³

288 2112 1672 2141 ...-.---—-—-—---——————-—----

286 2210 386 2248 venit
412 2207 578 2246 cataboli
604 2207 750 2244 nomine
775 2202 970 2256 significari
998 2214 1072 2238 non
1100 2200 1217 2237 solum
1246 2209 1383 2248 equos,
1411 2194 1574 2252 aliasque
1597 2193 1668 2230 be-

286 2261 371 2298 stias
398 2259 443 2295 ad
470 2271 577 2295 onera
603 2257 794 2301 vehenda,
840 2255 901 2292 sed
928 2254 1037 2291 etiam
1079 2251 1222 2290 alendas
1249 2250 1455 2297 silvestres,
1493 2252 1556 2287 uti·
1585 2244 1664 2284 leo-

286 2324 347 2350 nes
367 2340 380 2363 ,
408 2311 538 2362 tigres,
565 2309 705 2359 aliaque
732 2307 770 2346 id
798 2318 913 2357 genus
938 2303 1120 2344 animalia.
