1920 2579
611 204 981 257 CAPUT
1060 204 1098 254 I.

176 339 450 381 Puteolanae
482 338 597 377 urbis
628 336 751 391 origo
771 351 782 372 :
816 334 871 375 de
904 333 1097 375 eiusdem
1131 344 1275 389 etymo
1296 363 1309 383 ,
1348 341 1387 372 et
1421 330 1546 373 variis

232 397 469 438 nominibus
503 396 643 436 eidem
677 394 833 434 inditis.
881 394 1093 446 Colonia,
1142 403 1182 434 et
1220 391 1513 446 Municipimn
1541 406 1550 430 :

233 455 414 497 BIoenia
434 454 679 506 fortissima
712 452 1021 493 describuntur.

294 572 455 612 Puteoli
492 571 586 612 urbs
620 580 680 611 est
712 567 760 611 ad
794 569 995 611 orientem
1029 570 1141 611 sinus
1165 567 1349 610 eiusdem
1372 565 1552 608 nominis

174 634 260 674 sita.
295 630 432 671 Colles
469 629 726 684 Leucogaei,
759 642 878 670 mons
910 627 1104 683 Gaurus,
1141 637 1262 685 atque
1296 628 1459 679 Novus,
1477 628 1555 667 Ba-

173 695 235 732 iae
259 723 271 741 ,
308 690 423 729 Bauli
450 720 462 738 ,
496 698 534 729 et
568 689 799 729 Misenense
833 691 1167 744 promontorium
1201 701 1399 729 coronam
1443 685 1553 727 velu-

175 751 202 790 ti
229 781 239 798 ‚
277 758 397 803 atque
433 746 726 802 amphitheatri
761 744 852 787 inde
887 745 1069 788 efficiunt
1099 746 1289 787 formam.
1324 747 1443 797 Quae
1462 744 1553 785 loca

177 808 225 849 ob
264 807 440 847 assiduas
476 805 804 862 propinquorum
829 805 1105 848 vulcanorum
1127 803 1466 857 conflagrationes
1488 817 1555 843 ce-

177 868 334 908 lebrata
368 866 514 916 fuere3
547 879 658 906 nunc
692 863 892 918 temporis
923 862 1078 906 isthaec
1111 864 1273 919 penitus
1307 860 1356 903 ab
1380 859 1553 914 antiquo

175 934 280 964 statu
314 932 469 964 mutata
489 954 501 971 ,
535 931 574 964 et
607 920 829 978 deperdita.
865 921 1037 963 Lucrini
1069 936 1166 965 vero
1184 922 1295 962 lacus
1315 919 1420 961 nihil
1439 917 1551 960 aliud

174 991 391 1037 superest,
428 995 551 1036 quam
583 981 717 1020 lutosa
751 980 867 1035 palus
897 994 994 1021 cum
1028 978 1274 1021 arundineto
1293 979 1552 1034 circumqua-

173 1041 267 1096 que.
304 1042 425 1079 Anno
462 1039 571 1079 enim
602 1036 927 1079 MDXXXVlIl.
961 1038 1037 1081 IV.
1073 1038 1166 1080 Kal.
1202 1036 1352 1079 Octob.
1379 1050 1554 1078 concus-

173 1114 214 1139 sa
248 1108 385 1147 terra,
423 1107 461 1138 et
491 1097 669 1137 flammis
704 1095 1015 1153 erumpentibus
1049 1096 1234 1140 vicinum
1284 1095 1553 1150 Tripergula-

175 1172 266 1198 rum
300 1154 471 1212 opidum
501 1154 683 1196 funditus
713 1154 791 1196 fuit
837 1154 1131 1207 submersum⁷
1175 1163 1216 1196 et
1237 1168 1241 1170 ’
1260 1154 1375 1196 lacus
1423 1153 1552 1210 ipsius

176 1224 290 1271 parte
323 1216 490 1271 oppleta
522 1229 643 1255 mons
678 1213 938 1267 exsurrexit,
972 1214 1044 1271 qui
1077 1216 1237 1265 Novus,
1261 1212 1325 1256 vel
1348 1212 1549 1255 Cinereus

172 1273 322 1316 dicitur
355 1274 395 1314 in
430 1273 769 1329 praesentiarum.

289 1333 539 1374 Puteolanae
575 1332 686 1374 urbis
716 1332 830 1388 origo
863 1331 970 1376 adeo
1002 1342 1065 1376 est
1114 1341 1304 1385 vetusta,
1356 1340 1402 1373 ut
1449 1331 1557 1373 inter
1577 1349 1659 1380 Vrbis
1680 1345 1764 1380 origo,

178 1390 275 1432 alias
310 1390 562 1448 Campaniae
596 1391 767 1433 fortasse
799 1393 853 1434 sit
887 1392 1186 1449 antiquissima.
1220 1391 1275 1432 Et
1307 1407 1349 1432 re
1373 1406 1470 1433 sane
1492 1405 1562 1435 ree

179 1463 220 1489 ra
255 1449 370 1489 illam
404 1459 495 1490 ante
528 1464 683 1491 annum
715 1450 766 1489 V.
801 1450 850 1492 C.
884 1451 1094 1493 CCXXII.
1129 1467 1152 1491 a
1186 1449 1387 1493 Cumanis
1422 1447 1562 1491 aedifi-

177 1515 313 1548 catam
345 1505 467 1548 fuisse
500 1522 551 1548 ex
585 1506 756 1549 Euboea
789 1507 922 1551 insula
955 1507 1292 1564 provenientibus
1330 1524 1351 1549 e
1395 1507 1561 1550 Strabo-

177 1580 228 1606 ne
260 1565 330 1606 lib.
370 1568 421 1606 V.
453 1565 610 1622 Geogr.
645 1564 864 1609 ediscimus
887 1597 899 1616 ,
933 1567 1003 1624 qui
1036 1576 1177 1609 narrat
1227 1565 1438 1625 duplicem
1485 1566 1560 1608 for-

178 1632 323 1665 tunam
353 1622 461 1666 hanc
495 1623 644 1666 urbem.
673 1634 885 1682 expertam
911 1645 920 1665 .·
954 1626 1134 1682 primam
1165 1640 1245 1683 qua
1279 1635 1372 1667 ante
1404 1626 1563 1667 Hanni-

176 1681 282 1723 balis
316 1683 356 1723 in
388 1683 552 1725 Italiam
584 1681 809 1730 adventum
840 1684 1158 1727 Dicaearchiam
1189 1684 1349 1727 audisse
1393 1683 1561 1742 liquet5

180 1741 357 1783 alteram
380 1772 391 1792 ,
426 1756 504 1797 qua
538 1743 807 1786 Puteolorum
837 1758 989 1786 nomen
1024 1743 1195 1801 accepit.

294 1801 341 1849 Av
363 1798 573 1856 principio
604 1806 743 1843 amem
776 1801 934 1844 diversa
965 1802 1065 1845 huic
1100 1802 1191 1845 urbi
1224 1802 1396 1845 nomina
1416 1800 1559 1844 indita:

183 1866 222 1898 et
255 1858 438 1914 primum
470 1860 796 1912 Diouem-chia,
831 1871 870 1900 et
901 1861 1239 1902 Dicaearchaea
1270 1861 1348 1903 fuit
1379 1861 1561 1918 appella-

179 1925 219 1956 ta
253 1924 505 1975 Δι’κᾶιαρχοια,
540 1918 691 1975 quippe
723 1917 835 1976 quod
868 1935 913 1962 ea
947 1917 1157 1976 quondam
1189 1919 1334 1963 civitas
1384 1918 1561 1962 iustissi-

177 1989 244 2017 me
278 1987 504 2033 regeretur.
553 1976 664 2019 Hine
713 1977 856 2021 scribit
903 1978 1060 2020 Plinius
1109 1978 1180 2020 lib.
1214 1980 1285 2019 111.
1321 1995 1358 2021 c.
1394 1983 1419 2020 5
1451 1978 1560 2021 Hist.

174 2035 321 2076 Natur.
356 2036 534 2077 Puteoli
569 2035 751 2078 Colonia
782 2037 1082 2079 Dicaearclzz'a
1117 2037 1234 2083 dicti,
1269 2037 1362 2079 Hoc
1382 2036 1559 2081 Graium

177 2093 430 2136 vocabulum
462 2109 548 2136 non
568 2094 658 2140 'alia
691 2111 738 2146 ex
771 2111 897 2139 causa
928 2095 1020 2138 urbi
1054 2095 1197 2139 datum
1231 2096 1448 2154 putarim,
1481 2092 1559 2138 nisi

175 2151 286 2206 quod
319 2169 366 2196 ea
398 2154 500 2195 oli-m
531 2153 793 2197 Graecorum
825 2154 950 2198 fuerit
981 2155 1164 2214 opidum.
1199 2155 1254 2197 Et
1289 2172 1334 2198 re
1366 2171 1464 2198 sane
1496 2172 1558 2199 ve.-

172 2223 216 2273 rfi
246 2210 417 2254 huiusce
453 2212 564 2254 urbis
595 2213 716 2270 origo
748 2229 773 2257 a
804 2213 944 2257 Graiis
975 2215 1072 2273 ipsis
1109 2217 1126 2273 (
1161 2214 1221 2257 uti
1255 2205 1466 2272 dictum')
1486 2213 1556 2257 de—

169 2269 347 2332 rivavit,
380 2271 449 2329 qui
486 2273 587 2315 olim
621 2273 841 2316 maximam
876 2275 1015 2317 [taliae
1048 2282 1238 2333 partem,
1288 2285 1329 2317 et
1376 2273 1554 2332 Campa·

168 2340 258 2369 mae
290 2342 380 2372 oras
413 2332 650 2388 praesertim
694 2331 920 2378 incoluere.
966 2333 1073 2376 Hinc
1120 2333 1387 2393 magistratus
1438 2333 1548 2391 ipsos
