1920 2579
1393 178 1484 220 '213

117 256 196 292 ro,
233 250 271 281 et
313 239 421 295 apud
460 240 655 284 Aversam
682 235 817 279 adhuc
854 245 1043 288 extante,
1095 233 1350 292 Campanam
1382 235 1488 279 viam

119 299 291 341 Senatus
328 297 518 356 impensis
560 295 735 340 silicibus
767 303 935 337 stratam
968 293 1088 337 fuisse
1126 294 1279 352 liquet:

716 410 835 458 XIII.

233 528 494 574 SENATUS
531 559 542 572 .
579 524 966 582 POPULUSQUE
996 559 1007 570 ,
1043 526 1320 570 ROMANUS
1360 558 1369 570 .

231 648 340 688 Haec
377 661 472 688 vero
504 647 568 688 via
600 647 640 686 in
674 643 809 693 duos,
860 654 905 683 ut
948 643 1150 696 diximus,
1203 642 1486 697 seiungebatur

119 720 278 754 ramos,
315 705 385 761 qui
418 716 556 760 postea
593 718 720 744 unum
765 701 1002 743 efficiebant.
1062 703 1222 743 Primus
1259 717 1279 742 a
1311 701 1490 743 Puteolis

116 763 330 817 incipiebat
363 764 546 817 Capuam
588 776 782 818 pergens:
819 759 918 800 alter
966 777 988 800 a
1040 761 1182 802 Cumis
1239 776 1386 816 parum
1434 760 1488 800 di-

115 834 222 862 stans
255 837 277 861 a
315 821 560 864 Domitiana.
596 823 750 862 Ramus
781 818 845 858 hic
877 833 897 858 a
928 819 1071 860 Cumis
1111 829 1329 875 postquam
1372 818 1489 874 plura

117 889 345 935 perrexerat
376 879 595 933 milliaria,
626 893 720 919 cum
752 876 828 918 alio
844 876 1166 933 coniungebatur
1199 893 1328 919 unum
1362 876 1488 918 effici-

118 953 188 978 ens
217 937 402 993 Capuam
433 954 571 995 usque.

232 996 310 1035 Via
344 1010 437 1036 vero
479 998 627 1038 isthaec
656 1005 749 1036 satis
785 994 980 1037 celebrata
1011 1004 1096 1035 erat
1124 993 1308 1036 Romana
1349 994 1484 1049 vigen-

118 1064 156 1093 te
190 1053 364 1094 foi-tuna.
390 1055 544 1096 Plinius
581 1055 688 1096 Hist.
722 1055 869 1094 Natur.
889 1053 959 1098 lib.
992 1053 1149 1095 XVIII.
1186 1068 1221 1093 c.
1244 1065 1270 1093 2
1308 1052 1357 1093 de
1376 1067 1487 1092 cam·-

116 1111 176 1166 pis
211 1112 390 1152 Leboriis
422 1128 650 1154 sermonem
682 1113 895 1152 instituens
918 1143 931 1161 ‚
968 1111 1018 1151 de
1058 1111 1266 1167 Campana
1301 1111 1356 1150 sic
1392 1110 1495 1150 scri-

117 1170 206 1209 bit:
243 1169 468 1211 Finimztur
501 1173 554 1211 ab
584 1180 763 1226 utroque
795 1171 934 1211 latere
975 1168 1244 1220 consulari,
1297 1182 1410 1226 qnae
1458 1184 1487 1209 a

116 1229 332 1277 Puteolis,
358 1238 398 1268 et
432 1244 544 1286 quae
571 1244 597 1269 a
627 1227 806 1279 Cumis,
843 1227 1037 1283 Capuam
1083 1227 1215 1268 ducit.
1265 1227 1485 1267 Suetonius

113 1296 273 1335 narrat,
313 1289 500 1340 Augusto
536 1288 576 1327 in
610 1288 694 1327 eius
727 1300 760 1326 c.
795 1295 882 1340 94,
921 1286 1022 1327 dum
1055 1284 1105 1325 ad
1135 1286 1216 1327 IV.
1251 1285 1483 1342 Campanae

114 1344 199 1383 viae
229 1343 403 1398 lapidem
437 1356 561 1397 esset,
592 1344 769 1399 aquilam
807 1359 955 1399 panem
986 1359 1034 1385 ex
1071 1345 1155 1385 eius
1185 1345 1376 1385 manibus
1411 1345 1480 1384 eri-

114 1401 378 1455 puisse3Ad
407 1403 482 1443 IV
479 1429 487 1438 ·
527 1403 711 1458 lapidem
759 1401 1010 1456 Campanae
1061 1407 1163 1444 viae
1202 1403 1248 1442 in
1306 1416 1484 1442 nemore

109 1459 372 1513 prandenti,
406 1475 465 1500 ex
485 1460 721 1514 improviso
756 1460 905 1517 aquila
931 1475 1095 1515 panem
1126 1463 1170 1501 ei
1203 1477 1224 1501 e
1250 1474 1382 1500 manu
1416 1474 1485 1500 ra-

109 1516 230 1570 puit,
273 1526 313 1557 et
349 1532 441 1559 czmz
479 1520 686 1559 altissime
711 1518 927 1569 volasset,
967 1534 1110 1560 rursus·
1147 1533 1207 1559 ex
1245 1522 1481 1573 improviso

115 1578 266 1615 leniter·
298 1574 482 1630 delapsa
517 1576 709 1618 reddidit.
747 1575 818 1617 Ad
850 1573 954 1617 hanc
988 1593 1073 1619 rem
1092 1577 1313 1620 Patavinus
1338 1586 1483 1616 auctor

114 1632 340 1688 Tarquinio
374 1636 508 1676 Prisco
532 1635 639 1676 idem
696 1634 886 1675 accidisse
933 1635 1103 1691 prodit',
1154 1650 1247 1676 eum
1299 1635 1484 1690 prImum

114 1689 284 1731 Romam
308 1693 430 1734 venit:
463 1694 596 1750 aquila
631 1707 678 1733 ex
707 1691 793 1733 eius
825 1693 956 1749 capite
983 1694 1137 1749 pileum
1168 1692 1333 1735 abstulit
1354 1707 1484 1748 ,qua-

114 1750 146 1787 si
179 1749 339 1790 futurae
374 1752 497 1807 ipsius
532 1752 659 1808 regiae
708 1751 912 1807 dignitatis
964 1767 1086 1794 omen
1133 1753 1327 1794 nuntians
1352 1782 1363 1804 ,
1412 1749 1481 1791 lib.

114 1805 144 1846 I.
179 1822 210 1846 c·
249 1824 288 1862 7.

229 1868 457 1921 Campanae
487 1868 575 1911 viae
603 1883 745 1911 cursus
780 1867 847 1908 hic
900 1879 1018 1911 erat:
1054 1884 1075 1909 a
1111 1868 1289 1910 Puteoiis
1321 1867 1488 1923 incipie-

114 1923 182 1963 bat
215 1938 237 1963 a
271 1934 389 1980 porta
417 1925 624 1983 Campana
674 1942 802 1983 prope
833 1927 1194 1983 Amphitheatrum
1216 1959 1226 1979 ,
1268 1938 1313 1968 ut
1354 1927 1490 1967 innui-

115 1997 235 2022 mus:
277 1983 370 2023 hinc
398 2000 468 2040 per
500 2000 661 2041 campos
714 1985 910 2027 Leborios
959 1987 1174 2042 pergebat,
1230 1985 1299 2027 ubi
1351 1984 1490 2037 hodie-

114 2039 216 2081 dum
252 2041 476 2098 adsurgunt
509 2045 599 2099 pagi
647 2049 892 2096 Mammas,
928 2055 967 2085 et
1024 2045 1213 2101 Quartus
1247 2059 1394 2101 parum
1434 2042 1484 2084 ab

113 2100 264 2142 Aversa
299 2100 398 2142 urbe
429 2100 634 2143 distantes.
660 2101 761 2144 Inde
792 2118 864 2159 per
896 2103 1146 2145 occidentale
1192 2103 1295 2145 latus
1325 2101 1487 2143 Iuliani

114 2157 190 2198 vici
223 2169 329 2199 recta
364 2158 476 2212 ibat,
504 2171 544 2201 et
575 2160 686 2202 haud
735 2160 881 2215 procul
931 2161 979 2204 ab
1032 2163 1110 2204 atio
1157 2162 1311 2205 Melita
1356 2160 1482 2201 dicto.

111 2216 271 2257 Prostat
302 2217 436 2258 adhuc
463 2218 657 2261 mutilum
681 2233 859 2262 marmor
892 2235 915 2261 a
961 2220 1142 2262 Pratiliio
1191 2221 1363 2261 allatum
1411 2217 1485 2261 lib.

113 2272 166 2316 ΙΙ.
198 2289 232 2315 c·
264 2276 324 2327 8,
364 2291 412 2317 ex
438 2292 522 2335 quo
555 2276 852 2334 Imperatorem
892 2281 1157 2322 Antoninum
1212 2279 1333 2321 Pium
1380 2279 1489 2320 hanc

108 2346 183 2374 suo
221 2343 402 2392 tempore
440 2335 694 2395 Campanam
731 2337 839 2380 viam
864 2349 1105 2382 restaurasse
1169 2337 1388 2394 colligitur„
