1920 2579
216 183 279 220 m
317 172 458 219 Livius
489 170 561 216 lib.
593 169 710 214 VIII.
744 182 778 210 c.
823 171 887 211 16.
930 166 1085 212 Praeda
1119 167 1265 227 ingens
1282 167 1389 212 facta
1406 178 1481 221 est,
1523 115 1591 213 ἐξ·

214 253 298 294 que
325 236 397 277 illa
431 229 730 289 triumphatum
751 242 765 278 ς
789 235 1014 286 posteaque
1034 228 1242 272 coloniam
1260 228 1343 270 illic
1367 227 1587 272 deductam

213 293 343 336 tradit
369 290 558 335 laudatus
609 297 763 331 auctor.
807 285 907 329 Inde
943 287 1218 344 municipium
1265 286 1425 336 evasit,
1477 287 1589 344 qnod

219 359 477 395 memoratur
511 364 535 392 a
569 347 711 389 Tullio
746 345 864 404 epist.
900 345 974 389 lib.
1010 346 1085 389 IX.
1125 349 1189 390 13.
1226 344 1413 388 Tandem
1433 355 1588 403 tempo-

209 411 271 452 ris
311 423 531 468 progressu
564 404 768 464 paulatim
797 401 961 447 decidit.

324 469 481 511 Everso
510 466 681 522 antiquo
710 460 834 521 opido
868 478 1024 508 novum
1053 463 1281 507 adsurrexit
1307 463 1481 515 Calvum,
1502 478 1574 505 seu
1593 464 1795 528 Cfflffiu’mwu

215 528 434 569 calinulum
466 524 665 574 nomine,
699 520 813 579 quod
845 520 1081 580 incoeptum
1115 522 1166 563 ab
1201 522 1436 578 Atenulpho
1468 521 1588 563 Carn-
1672 512 1679 529 ¹
1744 511 1777 528 ω’

211 600 322 642 pano
354 583 548 634 Comite,
584 598 606 624 a
637 580 838 622 Landone
869 580 993 622 fratre
1028 582 1104 623 fuit
1147 580 1399 623 absolutum.
1445 581 1589 622 Postea

213 659 234 684 a
274 641 555 698 Langobardis
583 640 635 682 ad
667 640 929 681 Normannos
961 642 1131 682 transiit.
1165 640 1315 682 Varios
1340 649 1508 680 eventus
1531 648 1590 679 est

214 716 333 758 passa
364 700 474 751 urbs,
509 708 549 739 et
581 700 621 740 in
650 698 967 754 praesentiarum
985 698 1118 740 sedem
1143 698 1264 739 habet
1284 697 1587 753 Episcopalem.

333 758 449 798 Iuvat
479 756 568 798 heic
598 756 808 797 advertere
836 770 930 796 cnm
965 757 1202 798 doctissimo
1233 755 1483 806 Grimnldio,
1502 756 1591 797 An·
1653 766 1654 774 ¹

216 815 296 858 nali
331 815 396 856 del
432 813 571 868 Regno
605 813 647 854 di
677 812 782 869 Nap.
806 822 910 854 tom.
950 813 1021 855 ΙΙΙ.
1053 828 1164 870 epoc.
1198 814 1250 855 ΙΙ.
1285 813 1463 864 Italiam,
1490 828 1595 855 cun·

216 885 299 914 etas
333 871 560 928 provincias
581 902 593 921 ‚
626 881 665 911 et
696 872 967 923 Campaniam
1003 872 1236 926 praesertim
1271 886 1316 911 ex
1352 886 1399 911 eo
1432 881 1597 928 tempoa

215 945 259 971 re
282 959 295 978 ,
326 943 409 984 qno
442 926 729 982 Langobardi,
761 927 941 981 aliaeque
959 936 1098 980 gentes
1118 929 1296 983 sequiori
1314 943 1415 969 aevo
1435 929 1475 969 in
1493 930 1600 970 Nea-

215 983 383 1042 politani
403 985 530 1039 Regni
563 984 781 1042 provinciis
813 984 949 1024 sedem
980 981 1158 1026 fixerunt
1179 1015 1190 1035 ,
1226 987 1373 1026 eversis
1408 997 1602 1042 etpopu-

221 1044 313 1085 latis
351 1041 538 1100 pluribus
569 1041 736 1083 vetustis
769 1041 932 1098 opidis,
964 1055 1091 1083 novas
1125 1042 1246 1084 urbes
1267 1074 1279 1096 ,
1313 1054 1351 1084 et
1387 1044 1494 1085 vicos
1526 1059 1588 1085 ae-

220 1101 400 1144 dificasse
422 1131 433 1153 ,
466 1103 580 1143 novis
612 1099 763 1141 eisdem
801 1100 902 1141 datis
934 1100 1186 1143 nominibus.

334 1158 527 1215 Sequitur
558 1158 785 1201 Sidicinum
817 1174 938 1214 supet·
971 1159 1079 1201 viam
1112 1159 1331 1213 Latinam,
1369 1176 1478 1201 nune
1503 1167 1597 1206 Tea·
1636 1157 1790 1185 ffiffi‘hmm’

218 1229 265 1259 εἷο
287 1250 299 1269 ,
346 1232 369 1258 a
405 1216 548 1273 Capua
581 1216 800 1258 duodecim
832 1217 1019 1258 milliaria
1050 1218 1090 1258 in
1124 1220 1220 1270 via,
1272 1235 1352 1275 qna
1398 1219 1600 1266 Casinum,

219 1277 349 1326 ducit,
368 1286 408 1318 et
438 1290 460 1316 a
491 1275 663 1332 Neapoli
684 1285 778 1317 octo
819 1285 858 1316 et
875 1276 1017 1332 viginti
1034 1275 1197 1318 distans.
1213 1277 1331 1319 Hanc
1349 1277 1399 1319 ab
1417 1281 1600 1323 Etruscis

219 1334 474 1377 aedificatam
508 1336 687 1377 sentiunt
718 1335 922 1378 nonnulli.
955 1335 1067 1377 Hinc
1108 1350 1130 1377 a
1178 1337 1394 1387 Mazochio
1445 1340 1598 1396 Opnsc.

223 1405 327 1436 tom.
359 1393 409 1435 Π.
446 1408 532 1449 pag.
570 1397 647 1445 143
688 1408 733 1434 ex
765 1408 938 1435 nummo
969 1409 1093 1450 quem
1142 1393 1295 1446 affert,
1348 1399 1598 1450 Etruscam,

221 1453 285 1493 vel
317 1450 466 1493 Oscam
501 1468 583 1493 esse
614 1450 825 1502 creditur,
864 1452 928 1492 cui
959 1453 1124 1493 assentit
1156 1452 1358 1509 Capacius
1402 1455 1472 1496 lib.
1497 1456 1526 1496 I.
1562 1473 1598 1498 c.

226 1524 276 1552 12.
313 1509 421 1553 Hist.
462 1511 631 1566 Neapol.
673 1511 732 1550 Ea
769 1523 865 1550 vero
907 1511 983 1551 suit
1019 1509 1220 1566 appellata
1253 1511 1428 1554 Teanum
1449 1514 1599 1557 Sidici-

221 1584 314 1611 num
343 1570 395 1611 ad
425 1568 588 1609 alterius
625 1567 898 1608 differentiam
937 1569 1100 1609 nomine
1150 1572 1326 1611 Teanum
1370 1571 1593 1628 Appulum,

220 1629 410 1668 Horatius
439 1627 508 1668 lib.
530 1626 558 1668 I·
590 1628 664 1682 Ep.
696 1641 733 1667 v.
770 1629 822 1668 86
855 1626 979 1682 ipsius
1012 1627 1264 1668 mentionem
1303 1629 1594 1673 facit.F1·0mi-

223 1701 301 1725 nus
327 1685 397 1725 lib.
437 1685 488 1725 (le
525 1684 611 1726 Col.
642 1686 683 1725 in
722 1685 825 1725 hanc
862 1685 1006 1727 urbem
1026 1684 1233 1727 coloniam
1255 1686 1474 1729 deductam
1499 1692 1595 1731 scri—

224 1741 298 1782 bit.
332 1743 425 1785 Hoc
457 1742 627 1797 opidum
663 1743 819 1783 celebre
853 1743 973 1785 fnisse
1005 1743 1102 1784 dicit
1122 1745 1336 1786 patavinus
1354 1749 1596 1793 anctorlib.

225 1799 275 1838 11.
312 1813 346 1839 c.
380 1803 404 1840 3
447 1799 523 1838 hoc
557 1799 708 1838 modo:
746 1803 930 1855 Reliquas
968 1807 1002 1841 si
1030 1806 1068 1842 ei
1097 1817 1312 1855 compares,
1344 1808 1466 1858 opida
1483 1816 1586 1855 sunt,

221 1867 386 1912 excepto
428 1861 557 1898 Teano
593 1857 763 1898 Sidicino
783 1889 792 1907 ⁷
823 1873 924 1912 quae
959 1859 1051 1899 urbs
1081 1867 1140 1900 est
1173 1865 1311 1914 magni
1332 1864 1510 1903 nominis.
1530 1864 1596 1906 Id-

228 1931 307 1970 que
342 1915 562 1956 confirmat
598 1915 746 1955 Strabo
780 1915 847 1954 lib.
884 1918 940 1959 V.
973 1915 1121 1972 Geogr.

342 1971 468 2014 Urbis
499 1986 642 2026 agrum
672 1971 791 2013 fnisse
827 1974 925 2015 olim
961 1976 1074 2029 aquis
1113 1976 1373 2018 mineralibus
1417 1980 1596 2022 celebra-

229 2041 318 2071 tum
353 2040 489 2070 narrat
521 2029 674 2070 Plinius
712 2033 814 2071 Hist.
848 2034 940 2072 Nat.
958 2033 1026 2072 lib.
1049 2032 1193 2074 XXX.
1218 2049 1250 2074 e.
1271 2051 1307 2076 2.
1330 2036 1385 2076 In
1403 2053 1452 2079 ea
1481 2039 1596 2082 Cam-

220 2089 367 2144 paniae
396 2088 556 2143 regione
588 2091 842 2131 Sinuessanae
873 2105 1005 2146 aquae
1035 2092 1286 2133 sterilitatem
1303 2096 1591 2148 foeminarum,

225 2148 391 2188 virorum
428 2152 618 2188 insaniam
648 2150 803 2189 abolere
832 2152 1063 2204 produntur.
1092 2150 1143 2191 In
1176 2152 1340 2194 AEnaria
1363 2156 1486 2197 insula
1514 2160 1595 2198 cal-

226 2207 368 2247 culosis
402 2209 579 2255 mederi,
617 2215 658 2247 et
692 2223 793 2262 quae
827 2218 1009 2250 vocantur
1043 2208 1230 2251 acidulae
1264 2213 1315 2252 ab
1345 2218 1479 2255 Teano
1496 2215 1597 2257 Sidi-

227 2268 315 2306 cino
351 2274 521 2321 quatuor
553 2266 677 2307 millia
704 2281 903 2322 passuum.
942 2266 1026 2310 Ubi
1057 2268 1150 2311 vide
1184 2269 1287 2314 hanc
1309 2273 1533 2314 mirandam
1556 2289 1598 2325 a:
