1920 2579
1403 145 1418 173 1
1459 138 1484 176 3

113 195 292 238 millibus
336 202 528 235 cunctam
559 192 750 234 invaserit
780 192 950 234 ltaliam.
973 191 1084 233 Haec
1125 192 1256 247 prima
1284 150 1490 233 Barbaryo-

115 270 205 296 rum
242 254 281 293 in
314 251 423 293 illam
459 252 652 292 excursio.
684 252 740 292 At
772 252 888 304 longe
922 251 1016 291 satis
1064 251 1366 291 strenuissimus
1407 249 1491 291 dux

119 312 286 352 Stilicho
319 311 415 351 totis
453 309 617 364 Imperii
650 308 910 350 occidentalis
952 307 1104 349 viribus
1152 308 1192 348 in
1226 308 1392 349 Gothos
1423 309 1492 348 ad-

115 370 308 411 surrexit.
324 369 430 409 Hinc
463 383 552 408 eam
583 381 746 408 omnem
768 367 983 408 maximam
1002 367 1280 408 Barbarorum
1303 367 1491 407 multitu-

116 427 253 468 dinem
289 427 495 468 Fesulanis
529 424 720 465 inclusam
755 425 967 466 montibus
988 425 1038 465 ad
1077 426 1391 465 internecionem
1428 441 1488 466 re·

118 486 259 539 degit,
296 486 382 550 ipso
417 483 519 524 duce
570 483 792 537 Radagaiso
829 494 962 549 capto.
1014 483 1139 523 Hunc
1171 484 1306 523 statim
1350 484 1494 525 evertit

118 544 302 585 Alaricus
328 544 509 591 ipsorum
534 541 804 582 Barbarorum
831 541 1017 598 princeps
1034 540 1239 594 Radagaisi
1262 541 1495 594 exemplum

118 613 297 651 secutus,
317 599 615 655 Gtaeciamque
636 614 717 656 qua
736 609 868 654 patet,
906 598 1070 638 invadit.
1090 598 1207 639 Iam'
1196 611 1282 653 ipse
1309 600 1346 636 in
1368 599 1495 652 Epiro

121 661 235 715 prius
263 660 379 711 longe
416 668 614 723 moratus,
633 669 767 713 postea
799 658 987 698 Honorio
1008 659 1247 711 imperante,
1272 655 1313 694 in
1336 655 1493 699 Italiam

120 729 331 773 penetrare
346 715 548 770 cupiebat
565 730 725 771 iamque
744 726 1095 771 ipsaminxaseiat
1116 715 1227 755 hunc
1248 714 1408 754 hostem
1446 726 1493 757 ut

118 786 310 815 everteret
327 774 538 815 Honorius
558 774 751 822 Galliam,
771 774 1090 829 Hispanicasque
1107 772 1339 828 provincias
1361 773 1492 815 eidem

120 832 361 873 habitandas
394 831 590 888 permisit.
615 836 672 873 At
703 831 885 873 Alaricus
917 832 1028 871 haud
1062 840 1299 895 contentus,
1332 831 1491 871 Italiam

120 893 266 931 iterum
289 891 450 941 invasit,
468 889 641 932 Romam
665 889 808 931 urbem
830 889 991 944 Imperii
1009 889 1300 939 sanctuarium,
1320 889 1496 946 aliasque

123 948 259 1004 plures
296 949 414 988 urbes
445 948 681 989 fortissimas
712 948 850 998 fame,
893 947 1081 1003 belloque
1113 948 1386 1002 expugnavit,
1419 962 1494 1004 po-

121 1005 368 1062 pulatusque
401 1007 478 1047 fuit
511 1021 618 1047 anno
651 1005 890 1047 CCCXCV.

236 1065 326 1107 ΧΠ.
362 1066 458 1106 Post
508 1064 662 1105 Romae
712 1062 999 1115 obsidionem,
1058 1072 1096 1102 et
1126 1062 1434 1117 populationem
1480 1095 1491 1115 ,

122 1121 309 1163 Alaricus
348 1122 500 1177 magnis
530 1122 741 1163 itineribus
772 1136 864 1162 cum
898 1121 1073 1162 exercitu
1107 1121 1386 1174 triumphante
1421 1137 1490 1177 per

120 1181 318 1222 Italorum
351 1181 576 1235 provincias
608 1180 658 1220 ad
690 1178 902 1221 meridiem
939 1177 1088 1234 positas
1121 1179 1196 1218 iter
1228 1179 1458 1232 aggrediens
1481 1210 1492 1232 ,

120 1238 277 1279 easdem
314 1238 391 1279 fuit
423 1239 655 1294 populatus.
699 1237 841 1295 Capua
870 1237 1115 1292 Campaniae
1147 1235 1242 1276 urbs
1275 1237 1490 1293 princeps,

115 1297 244 1349 Nola,
276 1296 454 1352 aliaeque
484 1298 620 1352 plures
654 1296 788 1346 sama,
820 1295 940 1336 caede
960 1325 971 1346 ,
1002 1309 1161 1335 necnon
1194 1305 1232 1334 et
1265 1296 1488 1349 populatio·

117 1355 235 1396 nibus
266 1354 414 1395 excisae
436 1386 452 1406 ,
489 1368 729 1410 eversaeque
763 1354 887 1394 fuere.
919 1353 1002 1393 Iam
1024 1352 1208 1393 Alaricus
1241 1352 1291 1393 ad
1324 1354 1492 1394 Brutio-

118 1429 210 1453 rurn
253 1423 487 1466 pervenerat
522 1411 646 1461 fines,
680 1427 764 1468 quo
798 1411 970 1451 Siciliam
1002 1411 1227 1459 traiiceret‚
1247 1419 1366 1464 atque
1397 1410 1491 1452 inde

117 1471 156 1510 in
189 1469 370 1511 Africam
402 1469 575 1509 maxima
609 1470 844 1510 divitiarum
883 1467 1062 1525 pondera
1095 1483 1166 1523 per
1201 1467 1338 1508 Italiae
1371 1468 1491 1509 urbes

117 1528 273 1582 direpta
309 1527 562 1582 adsportaret
584 1557 596 1576 ,
629 1527 728 1568 dum
763 1542 882 1567 naves
914 1526 1112 1581 plurimae
1146 1525 1328 1566 Siculum
1381 1537 1491 1566 tran-

119 1596 237 1630 seunt
268 1585 418 1625 fretum
442 1617 452 1635 ‚
484 1585 716 1625 submersae
748 1585 872 1625 fuere.
906 1584 1086 1626 Adversa
1131 1585 1267 1624 statim
1325 1583 1492 1624 fortuna

115 1645 299 1709 repulsus
322 1673 335 1692 ,
366 1643 466 1699 quid
496 1643 804 1684 deliberandum
838 1642 964 1693 foi-‚et
1000 1642 1041 1682 in
1074 1641 1188 1683 Italia
1223 1657 1274 1681 ne
1295 1653 1489 1707 maneret,

118 1717 167 1741 an
201 1701 347 1742 iterum
395 1702 435 1741 in
488 1702 662 1754 patriam
713 1699 1002 1752 redeundum,
1045 1703 1264 1742 immatura
1313 1701 1488 1742 moritur

118 1769 247 1800 morte
280 1773 387 1799 anno
425 1759 627 1803 CCCXL.

234 1817 349 1857 XIII.
384 1818 545 1859 Alarico
576 1817 763 1858 successit
799 1814 993 1857 Ataulfus
1024 1817 1110 1858 eius
1160 1815 1492 1872 consaguineus,

117 1875 188 1931 qui
219 1875 393 1915 Romam
425 1885 625 1916 revertens
645 1906 656 1926 ,
688 1874 846 1914 Italiam
881 1874 1028 1914 iterum
1079 1873 1231 1914 divitiis
1291 1875 1492 1930 spoliavit.

116 1936 172 1973 At
206 1933 412 1974 Honorius
444 1934 673 1990 Imperator
705 1947 886 1974 sororem
906 1931 1125 1972 Placidiam
1148 1931 1319 1974 Gallam
1346 1934 1387 1971 in
1413 1947 1498 1973 ma-

111 1991 353 2032 trimonium
384 1990 513 2032 eidem
548 1992 767 2046 copulavit.
800 1990 861 2030 Ita
892 2004 935 2030 ea
972 2006 1066 2045 gens
1100 2005 1195 2046 pace
1218 2006 1312 2031 curn
1337 1991 1490 2032 Roma-

115 2050 176 2090 nis
209 2050 434 2103 composita
460 2080 472 2099 ‚
504 2050 662 2091 Italiam
692 2051 732 2090 in
766 2047 934 2090 illorum
968 2049 1143 2090 restituit
1176 2059 1431 2104 potestatem.

233 2107 349 2150 XIV.
384 2110 480 2148 Post
512 2123 666 2148 annum
702 2108 784 2148 fere
821 2107 912 2150 XL.
952 2106 1079 2148 Attila
1112 2106 1233 2163 vulgo
1275 2108 1360 2150 Dei
1403 2109 1498 2149 Fla-

115 2165 272 2219 gellum
309 2167 558 2207 Hunnorum
595 2166 680 2207 Rex
706 2165 863 2206 Italiam
896 2176 1083 2222 occupat,
1105 2165 1303 2207 Tartarus
1333 2181 1496 2222 genere:

111 2224 173 2267 vir
202 2222 328 2269 dubio
360 2224 503 2284 procul
556 2224 844 2283 fortissimusz
893 2223 1035 2268 habitu
1086 2224 1332 2279 modestus,
1380 2240 1496 2285 men-
