1961 2574
151 201 199 232 ut
235 188 411 231 diximus
431 220 443 239 ‚
476 203 582 246 quae
613 188 733 230 variis
767 189 843 230 fuit
876 187 1113 230 nominibus
1145 189 1312 229 salutata
1337 219 1351 239 ,
1383 145 1530 244 ηεωρζ

150 251 368 299 Ausones,
408 248 625 299 Aurunci,
663 248 814 303 Opici,
850 262 1031 304 qnorum
1066 247 1314 288 vocabulum
1348 257 1531 301 postmo-

148 306 247 347 dum
297 323 318 347 a
351 309 542 349 Romanis
590 317 846 347 contractum
898 306 938 345 in
971 305 1072 345 duas
1116 305 1195 345 fuit
1243 306 1452 362 syllabas,
1489 315 1527 346 et

151 366 276 422 Opsci
299 397 309 414 ‚
339 367 399 406 vel
431 367 565 422 potius
598 364 724 405 Obsci
747 395 761 415 ,
798 380 844 405 ac
878 363 1046 405 tandem
1079 363 1178 405 Osci
1196 365 1406 405 audivere.

266 426 353 465 Hae
398 438 492 464 vero
534 433 670 479 gentes
702 438 927 477 quamnam
962 433 1099 478 postea
1131 421 1378 477 Campaniae
1411 421 1525 462 inco-

146 482 294 524 luerint
325 492 496 538 partem,
522 497 630 522 nuuc
663 482 903 525 videndum.
928 485 1116 523 Oscorum
1135 490 1286 522 montes
1306 497 1330 520 α
1364 479 1527 520 Strabo-

147 559 195 584 ne
230 546 442 598 descriptos
471 544 598 583 nullos
627 543 731 583 alios
768 556 850 582 6853
875 572 885 590 ‚
944 556 1064 596 quam
1112 541 1153 580 id
1195 544 1332 593 iugum
1360 570 1372 588 ,
1419 540 1526 593 quod

145 603 329 643 orientale·
346 603 469 641 latere
503 603 578 641 duo
614 604 783 641 sustinet
817 600 940 656 opida
979 599 1167 640 Suessam
1182 614 1322 653 nempe
1352 596 1526 637 Aurun-

146 677 304 708 corum,
343 668 383 699 et
424 658 632 700 Theanum
663 659 911 709 Sidicinum,
944 658 1000 698 ait
1015 656 1204 702 Cluerius
1235 655 1309 698 lib.
1343 654 1413 695 111.
1438 670 1472 694 c.
1499 672 1522 709 9

147 717 232 757 ltal.
267 717 390 770 antiq.
426 716 477 756 acl
509 732 635 772 quam
667 719 919 759 sententiam
954 713 1312 772 comprobandam
1345 712 1485 755 scribit
1501 740 1520 763 ,-

146 789 313 815 omnem
345 774 516 828 Opicam
550 783 715 829 gentem
751 774 873 814 fuisse
905 775 1034 815 etiam
1066 772 1217 813 Osoam
1249 771 1520 827 appellatam:

146 847 239 888 pars
274 831 540 885 Campaniam
572 831 708 881 inter,
746 843 783 873 et
817 832 1073 875 Volscorum
1087 829 1188 870 fines
1222 829 1525 870 Auruncisunt

144 889 253 931 dicti.
287 889 409 940 Quod
439 898 578 927 autem
610 888 662 926 ad
695 888 900 927 Oscorum
921 917 933 937 ‚
964 888 1046 927 sive
1093 886 1326 942 Opicorum
1374 885 1523 926 attinet

141 961 277 988 mores
301 976 312 996 7
343 945 564 984 dicendum
599 953 656 983 est
676 974 688 993 ,
720 944 794 984 hos
827 945 932 984 inter
964 953 1095 984 cetera
1129 943 1338 999 quosdam
1369 943 1521 983 edidis-

141 1020 182 1046 se
211 1004 329 1045 ludos
348 1033 360 1052 ,
390 1000 702 1056 comoedias-que
734 1012 818 1043 tam
843 1001 1034 1043 ridiculas
1050 1001 1352 1057 ,-incultasque
1381 1002 1521 1057 quoad

142 1073 297 1118 gestum
331 1071 369 1101 et
401 1060 521 1101 verba
544 1091 556 1109 ,
591 1069 637 1101 ut
668 1059 865 1116 flagitium
898 1059 1037 1116 potius
1090 1069 1222 1100 essent
1272 1074 1519 1114 nuncupan-

141 1121 243 1171 dae,
276 1121 335 1161 uti
370 1129 504 1159 narrat
535 1117 699 1159 Tacitus
731 1117 880 1160 Annal.
915 1117 987 1162 lib.
1020 1118 1097 1159 IV.
1131 1133 1164 1158 c.
1208 1126 1274 1172 14.
1311 1118 1368 1159 Et
1415 1117 1517 1158 Tul-

140 1180 216 1220 lius
248 1178 369 1219 fuisse
416 1174 513 1217 risu‘i
558 1176 758 1233 quosdam
791 1177 1010 1234 Arpinates
1046 1185 1250 1218 senatores
1281 1176 1323 1216 in
1372 1186 1517 1218 senatu

142 1238 195 1279 ob
232 1247 388 1293 gestum
419 1246 456 1276 et
487 1235 667 1290 linguam
701 1234 839 1277 scribit
871 1236 986 1293 epist.
1023 1234 1095 1276 lib.
1127 1234 1247 1277 VIII.
1291 1247 1322 1276 1.
1347 1235 1518 1290 Hosque

143 1295 268 1338 ludos
300 1294 455 1335 fabulas
487 1295 694 1336 Atellanas
725 1293 944 1352 appellatas
977 1294 1145 1336 tradunt
1176 1294 1325 1350 passim
1356 1293 1518 1335 histori-

139 1356 206 1406 ci,
242 1356 396 1411 quippe
428 1353 540 1409 quod
574 1353 706 1395 Atella
740 1354 946 1395 Oscorum
979 1353 1077 1395 urbs
1110 1352 1248 1396 fuerit.

255 1417 340 1455 Has
370 1422 509 1452 autem
541 1423 678 1467 gentes
708 1413 838 1454 Oscos
871 1427 1020 1470 nempe
1051 1414 1092 1453 in
1126 1412 1352 1467 Campania
1399 1409 1514 1451 habi-

139 1482 241 1513 tasse
270 1482 364 1512 ante
396 1471 627 1515 Troianum
659 1470 814 1512 bellum
842 1471 953 1511 canit
985 1470 1182 1525 Virgilius
1206 1504 1222 1525 ‚
1250 1472 1320 1527 qui
1343 1468 1511 1526 quidem

136 1544 200 1572 eos
234 1532 385 1573 AEneae
417 1528 510 1570 facit
544 1539 948 1585 contemporane05‚
980 1528 1169 1585 quamvis
1216 1529 1348 1569 nullas
1400 1528 1512 1569 sedes

136 1589 309 1631 urbesve
355 1588 599 1629 illis‘certas
630 1589 816 1643 assignet.
867 1587 1030 1629 Servius
1080 1591 1246 1646 Capuae
1290 1586 1402 1629 urbis
1435 1587 1512 1628 ori·

140 1793 249 1827 Oscos
275 1791 471 1840 Op-icorum
499 1805 612 1838 genus
640 1793 748 1828 fnisse
777 1795 970 1829 arbitratur
992 1821 1002 1837 .,
1024 1800 1068 1828 *ct
1093 1793 1137 1827 ad
1163 1792 1231 1828 hoc
1259 1792 1510 1827 demonstran-

137 1841 220 1877 dum
249 1841 437 1877 Strabonis
466 1843 569 1876 affert
596 1842 847 1877 auctoritatem
875 1843 936 1877 lib.
966 1845 1010 1877 V.
1041 1842 1175 1890 Geogr.

232 1891 278 1925 Hi
305 1904 386 1926 vcro
413 1892 577 1926 Ausones
608 1890 640 1924 in
670 1891 782 1926 varias
810 1891 973 1940 regiones
1002 1904 1077 1927 sese
1094 1890 1508 1940 diviseruntscdemque

133 1942 305 1984 ‘fixerunt5
326 1940 665 1989 etpr0,rliversitatc
693 1941 1239 1990 regionis‚quan1:incolebant,
1270 1941 1367 1984 Osci,
1385 1942 1507 1989 Op1ci,

135 1991 309 2034 Aurunci,
324 1998 358 2025 et
385 1986 658 2029 etiarnkSidicini
682 1991 827 2026 fuerunt
854 1992 1072 2040 compellati.
1089 1991 1328 2041 Pellegrinius
1348 1991 1445 2027 Disc.
1474 1992 1505 2028 Ι.

136 2042 316 2090 opinatur,
355 2054 412 2076 eos
440 2042 599 2076 Ausones
627 2039 828 2077 dominatos
856 2055 929 2077 esse
957 2042 1049 2078 circa
1091 2041 1341 2084 Vulturnum,
1370 2049 1405 2078 et
1431 2042 1511 2077 Sar-

136 2104 223 2127 num
245 2117 255 2134 ‚
286 2104 438 2140 eamque
466 2091 647 2139 regionem
677 2090 808 2127 dictam
837 2092 990 2142 Opicum
1018 2094 1063 2129 ab
1090 2091 1234 2142 Opicis,
1257 2092 1331 2128 sive
1361 2092 1464 2128 Oscis
1492 2119 1503 2136 ‚

135 2151 169 2178 et
195 2140 401 2185 Sidicinos,
431 2142 693 2189 Auruncosque
719 2142 764 2177 ab
794 2144 946 2179 urbibus
974 2157 1065 2192 quas
1108 2143 1340 2180 incoluerunt
1365 2156 1373 2178 :
1419 2142 1505 2179 hinc

134 2198 206 2244 tota
234 2204 271 2226 ea
299 2192 394 2241 regio
425 2190 582 2227 Ausonia
610 2204 757 2241 quoque
784 2193 853 2228 fuit
881 2194 1040 2230 vocitata
1062 2222 1073 2237 ‚
1102 2199 1143 2228 ut
1171 2195 1398 2230 Mantuanus
1445 2205 1503 2228 ca-

135 2242 190 2277 nit
230 2248 324 2278 vates
359 2242 446 2277 AE'n.
474 2243 545 2278 XI.
573 2254 608 2278 v.
639 2243 702 2293 39.
730 2243 803 2279 Eos
832 2257 916 2280 vero
942 2244 1097 2293 populos
1136 2244 1280 2281 Servius
1309 2242 1344 2278 in
1382 2242 1507 2292 Virgi-

132 2291 225 2327 lium*
253 2292 390 2337 credit,
419 2293 551 2344 primos
578 2291 685 2331 fuisse
712 2292 836 2331 Italiae
867 2294 1097 2332 habitatores.
