1920 2579
301 90 379 120 110

289 136 392 178 strui
425 134 541 179 solita
573 137 615 180 in
647 137 865 196 hemicycli
897 141 1073 185 formam
1106 144 1362 191 aedificatum
1387 180 1400 201 ,
1451 150 1561 207 quasi
1595 166 1676 194 me-

288 196 355 238 dia
387 197 695 254 Amphitheatri
730 214 825 256 pars
857 200 947 242 fuit.
983 203 1126 261 Itaque
1158 205 1302 249 eodem
1334 207 1460 250 modo
1493 209 1628 252 sedilia
1651 241 1667 262 ,

288 254 453 296 scalaria
475 287 488 305 ,
519 257 636 298 cunei
656 289 669 309 ,
702 258 1025 314 praecinctiones
1043 293 1054 315 ‚
1086 265 1320 316 vomitoria,
1352 266 1402 308 de
1419 267 1567 324 quibus
1588 283 1677 310 om-

289 313 411 354 nibus
443 314 523 356 iam
555 315 732 359 diximus
765 317 805 358 in
840 318 1159 377 Amphitheatro
1190 324 1435 382 Campano,
1469 326 1510 366 in
1543 327 1679 368 The-a-

290 382 356 412 tro
387 374 506 414 etiam
540 374 834 417 Herculanensi
866 380 1101 422 extiterunt.
1138 384 1199 423 De
1231 382 1426 425 sedilibus
1463 384 1679 427 adverten-

290 430 393 496 dum
410 463 425 483 ,
463 432 504 472 in
535 432 716 477 Theatro
749 437 1004 480 senatoribus
1037 454 1119 481 non
1138 442 1490 496 quemadmodum
1514 445 1552 484 in
1572 445 1675 485 Am-

289 489 524 545 phitheatro
556 492 711 547 primos
744 494 925 552 gradus,
959 496 1029 539 sed
1062 499 1193 555 ipsam
1225 501 1395 542 Theatri
1426 516 1588 544 arenam
1625 501 1677 544 atl

287 549 558 600 spectandum
589 552 831 594 attributam
881 554 1019 599 fnisse.
1065 557 1180 611 Quae
1231 560 1400 615 quidem
1451 571 1611 602 mutato
1659 576 1680 601 a

289 606 456 649 Graecis
488 611 656 652 nomine
686 611 943 667 Orchestra,
979 618 1047 652 ἀπο
1072 617 1131 652 τὸυ
1160 618 1340 666 ὀρχέισὲῐαι
1391 633 1419 660 a
1471 619 1678 660 saltando

292 665 371 707 fuit
402 668 636 723 appellat33
670 685 766 711 cum
800 685 842 711 ea
874 685 982 714 certe
1013 691 1033 715 a
1068 676 1236 717 Graecis
1267 675 1435 716 Theatri
1472 690 1562 729 pars
1595 678 1675 716 sal-

291 725 513 766 tationibus
546 739 646 768 esset
678 727 898 783 destinata,
933 732 1073 790 ibique
1106 731 1367 789 pantomimi,
1400 744 1439 774 et
1459 734 1679 775 histriones

289 783 496 825 saltarent·
527 784 574 826 In
607 785 788 829 Theatro
819 789 1115 833 Herculanensi
1149 791 1218 850 (t)
1251 790 1386 833 adhuc
1411 792 1556 834 visitur
1577 794 1678 834 Pro-

282 994 504 1030 Graecorum
529 993 688 1029 Theatro
717 993 762 1029 ad
787 993 948 1031 saltuum
979 1009 1089 1033 usum
1115 1004 1193 1032 erat
1228 997 1434 1033 necessaria.
1479 997 1547 1032 Hic
1586 1010 1672 1032 vero

282 1045 383 1081 locus
404 1071 416 1088 ‚
446 1051 486 1080 ut
513 1044 598 1080 alibi
626 1043 880 1081 adnotavimus
897 1074 908 1091 ,
936 1046 1184 1091 Senatoribus‚
1208 1056 1244 1082 et
1270 1045 1482 1082 Vestalibus
1515 1054 1589 1082 erat
1613 1046 1678 1082 de-

282 1097 451 1131 otinatus.
483 1094 643 1131 Tandem
669 1096 755 1146 quia
784 1109 803 1132 a
831 1094 988 1134 Theatro
1016 1096 1156 1132 Graeco
1183 1109 1256 1131 non
1284 1096 1410 1145 procul
1450 1106 1554 1132 erant
1595 1109 1680 1146 por-

283 1148 405 1187 ticus,
434 1156 474 1181 ut
502 1146 530 1181 si
550 1146 702 1195 exempli
730 1146 847 1196 gratia
877 1146 1066 1195 ingrueret
1093 1147 1217 1196 pluvia
1242 1174 1252 1192 ‚
1282 1147 1405 1183 statim
1433 1146 1593 1197 populus
1623 1147 1676 1182 lo-

284 1210 368 1233 cum
396 1196 569 1240 haberet,
598 1209 671 1244 quo
699 1209 735 1232 se
763 1196 947 1246 reciperet.
977 1198 1077 1233 Haec
1106 1197 1265 1246 porticus
1299 1207 1408 1246 prout
1445 1197 1563 1234 adhuc
1607 1211 1674 1246 ap-

283 1254 410 1298 paret,
440 1248 476 1282 in
503 1246 763 1282 Herculanensi
790 1247 861 1283 fuit
887 1247 1021 1297 triplici
1047 1247 1200 1293 ordine,
1231 1255 1271 1284 ut
1297 1248 1404 1284 etiam
1434 1247 1531 1297 apud
1558 1247 1670 1283 Pom-

282 1299 382 1349 peios
399 1326 409 1340 ,
439 1298 544 1334 cuius
570 1309 650 1346 pars
677 1304 800 1335 restat.
830 1297 1013 1336 Confersis
1039 1298 1290 1350 Bulengerum
1317 1297 1362 1334 de
1403 1298 1561 1336 Theatro
1606 1297 1672 1333 lib.

289 1362 321 1385 ι.
353 1362 385 1385 c.
422 1361 477 1398 ¹9·
1039 1386 1042 1389 ,

388 1400 444 1449 (1)
472 1397 640 1448 Plerique
668 1410 713 1435 ex
743 1399 870 1437 nostris
899 1399 1022 1450 patriis
1042 1399 1276 1450 scriptoribus
1294 1398 1395 1436 haud
1415 1398 1673 1435 intellexerunt

285 1449 414 1486 Dionis
442 1456 581 1485 textum
605 1478 614 1494 ‚
644 1448 688 1484 de
714 1462 876 1500 quonam
903 1451 1062 1487 Theatro
1078 1460 1202 1488 auctor
1217 1450 1356 1494 scribit,
1377 1457 1503 1486 utrum
1518 1448 1562 1485 de
1582 1448 1675 1485 Her-

293 1500 477 1536 eulanensi
499 1526 508 1541 ,
535 1513 580 1535 an
608 1499 653 1535 de
679 1500 917 1550 Pompeiano.
945 1501 1057 1537 Libro
1084 1502 1181 1537 euim
1199 1500 1376 1536 XXXIX.
1397 1500 1459 1536 ubi
1484 1499 1594 1535 verba
1615 1499 1667 1534 fa-

300 1550 348 1585 cit
375 1551 420 1585 de
446 1549 663 1585 Herculanei
679 1577 690 1594 ,
719 1558 755 1586 et
779 1552 1036 1600 Pompeiorum
1064 1551 1176 1588 ruinis
1201 1551 1269 1586 sub
1284 1549 1502 1586 Vesuvianis
1518 1549 1674 1584 flammis

300 1601 350 1635 sic
379 1601 416 1634 iu
444 1599 578 1634 Gracco
605 1600 762 1648 legitur:
791 1601 917 1636 Πόλεις
957 1602 1016 1636 δύο
1043 1599 1121 1637 ὃλοιε
1146 1601 1185 1635 τὸ
1203 1627 1213 1644 ‚
1240 1602 1278 1635 τέ
1308 1599 1578 1649 Η’ρκοῦλοινεον,
1622 1605 1678 1634 καί

295 1653 369 1685 τοῦς
395 1650 628 1691 Πομπηοὶυε,
666 1652 700 1684 εὐ
728 1652 847 1699 ξέκτρω
873 1652 933 1686 τόυ
954 1649 1074 1693 ὃμιλοῡ
1115 1651 1214 1687 auris
1241 1653 1424 1692 κοιξήμενου
1463 1651 1635 1696 κατέχωσε
1666 1663 1674 1691 ;

298 1700 391 1736 idest
418 1698 555 1736 Ambus
582 1698 689 1734 urbes
715 1701 995 1737 Herculcmeum
1016 1728 1026 1744 ,
1055 1708 1093 1737 et
1117 1701 1309 1749 Pompeios
1334 1700 1467 1749 populo
1492 1699 1585 1734 illius
1622 1712 1677 1733 se*

298 1747 406 1785 dente
436 1750 473 1784 in
501 1749 692 1794 Thermo,
720 1751 881 1800 undique
922 1750 1055 1787 obruit.
1094 1749 1337 1787 Martorellius
1377 1749 1497 1786 Theca
1540 1749 1677 1784 Calain.

300 1809 388 1838 tum.
417 1800 464 1835 11.
493 1812 572 1849 pag.
604 1799 672 1835 561
705 1813 828 1836 vocem
856 1802 956 1841 αυτὴέ
984 1800 1204 1836 referendam
1232 1813 1305 1836 esse
1333 1800 1497 1837 Theatro
1538 1800 1680 1835 Hercu-

301 1852 437 1887 lanensi
466 1851 636 1900 opinatur
654 1864 663 1893 ;
693 1851 721 1886 si
749 1852 846 1887 enim
862 1851 962 1887 iuxta
979 1852 1127 1887 citatum
1145 1849 1406 1887 Martorellium
1428 1860 1553 1886 auctor
1573 1850 1681 1884 Pom-

300 1904 472 1953 peianum
502 1900 705 1944 retulisset,
734 1902 928 1939 relativum
957 1903 1076 1945 ταυτῆε
1102 1899 1337 1937 adhibuisset.

398 1952 513 1987 Miror
540 1951 619 1987 heic
647 1952 790 1987 interim
819 1952 970 1987 Diouem
1001 1952 1181 1999 scripsisse
1208 1951 1395 1985 ambarum
1432 1949 1580 1985 urbium
1628 1950 1677 1983 ci-

301 2015 360 2037 ves
382 2029 390 2045 ,
423 2015 496 2050 quo
525 2010 687 2050 tempore
714 2001 898 2038 Vesuvius
925 2002 1157 2049 conflagravit
1180 2027 1190 2044 ‚
1219 1999 1255 2033 in
1286 1999 1448 2035 Theatro
1490 1997 1674 2034 consedis-

303 2065 352 2088 se.
383 2053 519 2086 Verum
549 2054 732 2088 enimvero
757 2053 826 2088 hoc
855 2051 1075 2087 credendum
1103 2049 1199 2084 haud
1226 2050 1409 2085 arbitror:
1448 2062 1531 2084 nam
1571 2050 1597 2084 s':
1631 2049 1675 2081 iii

304 2114 339 2137 se
366 2114 420 2136 res
456 2100 627 2144 haberet,
673 2101 831 2151 profecto
861 2102 895 2136 in
941 2101 1035 2137 hisce
1076 2099 1241 2136 Theatris
1279 2099 1541 2136 Herculanensi
1580 2112 1678 2133 nem-

305 2165 349 2197 pe
369 2179 379 2195 ‚
415 2161 449 2187 ct
485 2152 704 2200 Pompeiano
741 2151 951 2188 cadaverum
981 2163 1174 2201 compages
1201 2151 1365 2185 omnium
1393 2149 1631 2198 opidanorum
1663 2176 1671 2190 ,

307 2199 366 2236 {ot
392 2201 515 2238 saltem
545 2203 766 2250 perplurium
796 2203 947 2238 fuissent
961 2201 1184 2237 eruderatae.
1206 2200 1378 2237 Attamen
1400 2213 1445 2234 ne
1467 2199 1574 2234 tinius
1594 2199 1681 2247 qui-

308 2254 387 2292 dem
415 2266 491 2291 ossa
518 2253 678 2291 inventa.
702 2254 798 2290 Hinc
826 2260 1001 2297 autumo,
1027 2253 1182 2290 Dionem
1208 2252 1288 2289 heic
1314 2262 1457 2302 prorsus
1484 2250 1518 2286 in
1537 2247 1682 2285 menda-
