1961 2574
1503 158 1567 185 νη

199 220 304 261 illuc
325 218 368 258 in
407 216 504 257 solo
542 212 767 268 Campano
800 225 860 251 ex
898 207 1202 250 Asiaticorum
1235 201 1453 245 immensis
1498 217 1570 260 ga-

197 280 262 319 zis
300 276 455 330 ereptis
490 271 694 314 condidit.
735 268 858 311 Nihil
893 268 988 308 heic
1026 279 1265 307 memorem
1306 260 1511 303 Caesaris
1549 293 1564 312 ,

197 335 397 390 Pompeii
417 364 427 384 ‚
470 331 628 381 Tullii,
667 328 802 373 Vedii
817 327 1025 368 Pollionis
1046 356 1056 377 ,
1080 325 1347 379 aliorumque
1380 320 1571 378 equitum

193 394 321 435 villas
353 392 502 449 ubique
528 391 719 445 positas:
760 386 864 428 nihil
896 386 964 426 hic
994 383 1182 439 proclam
1219 380 1408 435 templa,
1454 379 1570 418 iheu-

201 462 300 504 tra,
336 451 516 498 domos,
563 448 736 505 aliaque
769 445 991 501 permillia
1038 440 1242 496 aedificia
1273 438 1454 494 privata
1476 469 1488 488 ,
1533 446 1573 476 et

201 510 407 565 publica,
446 521 558 565 quae
593 506 803 546 immenso
842 503 1022 544 divitum
1055 512 1379 556 procerumque
1397 505 1570 552 sumptu

206 568 374 609 condita
405 568 548 622 ficere.

324 625 449 680 Quae
481 639 579 665 cum
612 629 670 665 ita
710 627 806 675 sint,
841 623 979 662 lector
1006 617 1334 666 humanissime,
1360 628 1439 656 nos
1475 614 1570 654 heic

199 684 254 724 de
305 686 418 724 hisce
465 682 782 738 peculiariter,
834 689 874 721 et
912 677 1153 721 minutatim
1204 677 1330 717 rebus
1376 686 1571 731 agemus.

200 742 478 796 'Quapropter
516 740 599 780 hoc
646 750 834 780 nostrum
887 737 1183 779 elucubratum
1228 747 1337 790 opus·
1387 733 1429 774 in
1469 747 1575 790 qua-

200 809 297 839 tuor
333 800 634 852 dispertiemur
684 797 831 839 libros.
866 800 916 836 In
952 795 1099 850 primo
1149 792 1201 833 de
1233 791 1480 846 Campania
1526 795 1570 832 in

194 872 351 913 genere
380 870 556 911 agemus
575 885 589 906 ‚
632 862 810 912 quinam
847 868 945 894 eam
977 852 1232 894 incoluerint
1259 850 1428 904 populi,
1447 863 1574 903 quae-

196 930 301 954 nam
340 914 440 952 urbs
465 917 674 966 princeps
707 913 823 952 illius
839 912 1010 960 fuerit:
1057 909 1158 947 hinc
1206 907 1261 946 de
1305 907 1470 958 Oscis,
1521 907 1573 948 de

192 972 296 1012 urbe
330 969 513 1023 Capua,
550 968 604 1009 de
633 974 771 1010 variis
802 965 996 1009 eiusdem
1013 970 1195 1006 vetustis
1216 963 1357 1017 ludis,
1391 965 1445 1005 de
1476 980 1575 1006 am·

190 1029 437 1085 plzitlzeatro
456 1058 467 1079 ,
497 1028 659 1068 theatro
678 1059 693 1079 ,
731 1026 901 1077 templis
923 1056 935 1076 ‚
972 1024 1026 1066 de
1050 1024 1315 1078 fluminibus
1337 1055 1348 1076 ‚
1368 1023 1423 1064 de
1457 1038 1573 1064 mon·

194 1085 308 1129 tibus
329 1118 340 1136 ,
383 1085 437 1126 de
464 1084 651 1139 viisnde
681 1086 910 1139 aedficiis,
932 1099 986 1126 ac
1002 1084 1139 1127 ruinis
1156 1083 1314 1133 simul,
1355 1083 1570 1140 rebusque

195 1146 379 1203 singulis
410 1144 631 1194 dicemus3
667 1145 843 1186 tandem
875 1144 930 1184 de
959 1144 1133 1186 urbibus
1170 1146 1356 1199 antiquis·
1376 1145 1485 1183 citra
1509 1143 1574 1183 ul—

197 1214 347 1262 traque
401 1203 598 1258 Capuam
634 1205 770 1249 verba
789 1204 1029 1255 faciemus.
1067 1202 1125 1243 In
1160 1202 1296 1242 altero
1317 1205 1390 1259 qui
1420 1215 1577 1258 seque·

200 1273 271 1304 tur
304 1263 410 1303 libro
443 1264 498 1304 de
538 1262 853 1314 Herculaneo,
893 1271 935 1304 et
962 1261 1186 1318 Pompeiis
1223 1274 1336 1301 nunc
1381 1260 1579 1315 primum

197 1320 466 1372 eruderatis,
508 1320 648 1379 deque
686 1322 884 1365 Vesuvio
920 1324 1113 1379 agemus.
1157 1323 1209 1361 In
1252 1318 1367 1360 tertio
1413 1318 1468 1359 cle
1508 1333 1579 1359 no·

195 1390 286 1422 stra
326 1382 626 1436 Parthenope,
676 1381 730 1422 de
766 1385 859 1423 eius
894 1386 1080 1439 origine,
1116 1379 1172 1421 de
1222 1383 1410 1437 antiquis
1460 1377 1576 1419 aedi-

189 1439 338 1494 ficiis,
377 1439 432 1480 cle
460 1448 629 1481 vetusto
646 1439 885 1497 regimine,
922 1455 978 1482 ac
1000 1444 1256 1497 magistratu
1275 1437 1488 1478 :tandem
1519 1436 1577 1478 cle

201 1496 395 1538 eiusdem
429 1503 601 1556 antiquo
640 1501 754 1541 cultu
776 1530 787 1552 ,
823 1498 879 1540 de
910 1497 1297 1554 Neapolitanorum
1339 1497 1531 1537 moribus
1566 1527 1578 1546 ,

201 1556 341 1614 deque
377 1555 666 1601 decremento,
702 1558 760 1599 In
796 1566 951 1616 quarto
987 1557 1165 1599 tandem
1205 1556 1361 1597 lectori
1399 1569 1574 1610 reprae-

198 1616 460 1656 sentabimus
492 1616 784 1659 Puteolanum
819 1622 1041 1672 antiquum
1079 1630 1235 1673 agrum
1274 1629 1374 1656 cum
1405 1613 1576 1655 urbibus

200 1673 422 1726 Puteolis,
461 1675 582 1717 Baiis
600 1707 615 1727 ,
654 1674 802 1718 Cumis
822 1706 834 1724 ‚
865 1675 1044 1717 Miseno
1062 1706 1074 1728 ‚
1107 1676 1282 1717 Literno
1302 1705 1313 1726 ,
1345 1687 1515 1714 necnon
1534 1683 1576 1713 et

205 1731 355 1781 lacus,
392 1742 676 1791 montesque,
713 1745 754 1776 et
790 1734 843 1778 V
838 1736 1097 1776 ulcanorum
1133 1733 1428 1774 describemus
1479 1746 1574 1773 con-

195 1787 513 1844 flagrationes:
549 1793 650 1833 hinc
693 1793 748 1833 de
781 1793 1006 1848 opidorum
1046 1794 1218 1849 origine
1234 1808 1254 1841 ,·
1294 1792 1394 1832 hinc
1421 1790 1476 1830 de
1512 1795 1578 1832 in-

206 1857 427 1888 cremento
449 1880 465 1899 ‚
522 1848 577 1888 de
608 1853 825 1892 maiestate
848 1851 932 1900 ,cle
964 1850 1262 1902 decremento,
1285 1858 1325 1889 et
1360 1849 1460 1890 hinc
1477 1845 1588 1905 quid

204 1904 384 1945 tandem
417 1906 479 1946 ad
509 1917 660 1949 nostra
696 1923 830 1967 usque
870 1918 1058 1964 tempora
1105 1908 1393 1959 devenerint,
1442 1908 1579 1948 verba

190 1962 430 2014 faciemus.
462 1963 614 2023 Atque
643 1967 751 2010 haec
780 1969 982 2025 profecto
1031 1977 1130 2010 sunt
1167 1981 1275 2024 quae
1317 1967 1486 2010 lectoris
1531 1967 1588 2006 ob

213 2022 365 2065 oculos
397 2038 680 2080 exponemus.
884 2025 887 2027 ’
