1920 2579
298 99 389 142 286

293 157 473 200 slationis
503 156 654 200 festum
684 154 971 198 celebrabatur
1004 152 1121 200 XVI.
1157 156 1246 201 Kal.
1283 149 1475 198 Februar.
1496 146 1669 214 Neapo

294 216 321 257 li
344 248 358 267 ,
394 214 463 257 sed
493 227 632 272 postea
659 210 928 270 abrogatum.

413 275 625 316 Hodierna
658 272 855 315 The-sauri
889 273 1056 316 nomine
1089 273 1264 315 Ecclesia
1303 272 1501 328 origine'm
1551 274 1667 314 duxit

293 332 343 373 ab
375 332 691 374 horrendissima
722 342 834 389 peste
863 332 959 373 anni
999 332 1275 374 MDCLVHI.
1299 329 1667 386 ‘Neaporitani'³ob

292 392 457 446 gratiam
490 406 513 432 a
538 394 636 432 'Deo
669 393 720 433 Ο.
757 394 813 432 Μ.
845 401 1053 445 acceptam
1096 393 1296 446 tempium
1328 390 1625 433 110b1lissimum
1648 405 1670 445 a

293 448 570 491 fundamentis
603 451 654 492 D.
689 449 875 491 Ianuario
908 463 980 504 pro
1013 458 1111 490 ‘voto
1150 445 1412 501 ιε’)(ῑςῑίῑὲπιιυῑ)ἶ
1447 450 1584 506 ibique
1607 459 1670 491 re.-

295 509 470 562 positum
506 508 582 549 fuit
611 522 774 550 sacrum
795 518 916 561 caput
947 522 1041 548 cum
1073 510 1276 560 sanguine.
1296 507 1379 549 Ubi
1398 519 1534 549 autern
1559 520 1668 548 nunc

294 581 338 606 ea
375 566 769 622 magnificentissima
800 565 976 620 adsurgit
1010 564 1184 607 Ecclesia
1206 597 1219 615 ,
1263 564 1373 607 olim·
1407 577 1491 608 erat
1539 567 1667 611 Xeno-

296 623 493 666 dochium
531 624 890 672 Athanasianum,
939 622 1106 665 fortasse
1155 623 1205 664 ab
1253 623 1330 664 hoc
1371 625 1412 668 S.
1463 623 1669 679 Episcopo

297 682 568 739 Neapolitano
603 693 783 725 erectum
815 681 892 724 sub
924 682 966 725 S.
1001 680 1218 722 Andreae
1230 683 1398 723 nomine
1420 713 1432 732 ‚
1465 681 1679 746 quqdque

298 740 491 783 Summae
524 740 794 796 respondebat
834 741 1007 781 Plateae.
1039 740 1131 780 Hoc
1162 739 1296 795 ipsum
1330 740 1407 781 fuit
1437 747 1622 782 eversum
1664 770 1676 789 ,

298 816 395 845 cum
434 813 539 841 nova
569 799 718 840 isthaec
751 798 929 840 Ecclesia
965 797 1163 839 Thesauri
1201 798 1278 839 fuit
1309 797 1531 840 aedffieata.

419 858 491 901 Ill.
530 857 632 899 Heio
666 855 831 898 tandem
862 855 913 898 de
945 855 1117 897 Cruoris
1148 855 1404 913 liquescentis
1448 858 1503 899 S:
1538 857 1680 898 Ianua-

304 918 352 960 rii
386 916 555 972 periodo
586 930 720 958 sermo
752 925 812 956 est
831 914 1131 969 producendus.
1151 915 1250 956 Acta
1269 917 1547 973 antiquissima
1567 913 1679 955 haud

301 974 472 1017 verbnm
506 989 636 1016 unum
665 973 716 1015 de
743 973 783 1014 S.
814 974 1008 1031 Martyris
1042 973 1200 1014 Cruore
1230 974 1416 1018 afferunt
1453 977 1571 1016 Extat
1610 987 1679 1013 an·

305 1035 472 1089 tiquum
504 1041 855 1081 monumentum,
888 1031 1017 1088 idque
1048 1030 1301 1074 Chronicum
1336 1044 1394 1074 est
1425 1035 1511 1074 MS.
1552 1044 1682 1071 exara-

306 1103 395 1132 tum
426 1103 450 1129 a
484 1092 552 1133 Fr.
586 1089 774 1132 Maraldo
811 1061 1120 1139 (ζ’ὲὴατωείιυο,
1151 1097 1191 1131 et
1221 1091 1492 1132 aCaraceiolo
1511 1089 1680 1130 allatum

301 1149 364 1189 De
399 1148 511 1190 Eccl.
545 1147 717 1202 Neapol.
760 1149 877 1189 Mon.
922 1161 958 1187 c.
994 1160 1061 1189 20.
1107 1121 1160 1187 ’In
1208 1163 1257 1188 eo
1296 1150 1402 1189 enim
1452 1158 1638 1189 narratur
1672 1175 1686 1199 7

303 1207 618 1262 Neapolitanum
651 1205 1020 1260 Archiepiscopum
1052 1216 1161 1246 anno
1182 1205 1354 1248 MCXL.
1389 1206 1551 1247 obviam
1585 1208 1682 1244 enn-

308 1275 389 1306 tem
425 1263 597 1319 Rogerio
630 1263 662 1304 Ι.
692 1263 965 1316 Neapolitano
1000 1262 1130 1314 Regi,
1167 1278 1302 1303 secum
1338 1276 1517 1318 portasse
1563 1271 1682 1317 caput

306 1337 402 1363 cum
434 1322 665 1376 Sanguine·
654 1348 668 1369 ,
700 1321 798 1361 Hoc
830 1333 945 1360 anno
974 1319 1149 1360 MCXL.
1184 1320 1396 1380 Roget-ms
1423 1330 1524 1375 post
1558 1333 1679 1360 coro-

310 1386 526 1421 nationem
560 1393 688 1422 suam
718 1376 953 1432 Neapolim
988 1392 1038 1417 se
1069 1378 1277 1427 contulit,
1310 1389 1350 1420 et
1367 1394 1485 1420 czves
1508 1378 1682 1419 obviam

259 1464 262 1465 ν
310 1439 377 1480 illi
406 1445 689 1479 occurrerunt
718 1445 870 1477 contra
898 1444 1073 1490 portam
1109 1431 1393 1490 (Σαριιαηαηι,
1423 1447 1463 1478 et
1500 1432 1682 1477 Arelate·

307 1503 521 1554 piscopus
559 1495 675 1536 urbis
704 1492 1030 1550 Neapolztanae
1055 1496 1440 1549 processionaliter
1472 1510 1570 1536 eum
1620 1508 1683 1534 re-

315 1556 430 1611 cepit
462 1569 548 1596 una
580 1567 675 1594 cum
713 1552 971 1595 Sanctorum
1002 1553 1202 1610 reliquiis
1215 1582 1230 1602 ,
1287 1558 1450 1607 capite,
1497 1562 1538 1594 et
1582 1566 1686 1593 san-

308 1616 438 1671 gaiae
491 1612 535 1653 S.
571 1612 762 1654 Ιαηιιανίι
780 1642 791 1662 ,
844 1624 952 1669 quos
993 1619 1240 1652 rever-enter·
1286 1612 1520 1663 adoravit,
1572 1625 1682 1670 quae

307 1670 587 1727 postmodum
621 1669 689 1712 ad
718 1669 972 1711 Eccleszam
1002 1668 1179 1710 rediere.
1214 1669 1473 1712 caracciolus
1507 1685 1600 1710 vero
1621 1668 1682 1709 lo-·

310 1746 359 1775 co
394 1733 461 1773 cit.
492 1728 604 1770 haud
629 1729 891 1784 liquescentis
921 1728 1134 1781 Sanguinis
1167 1737 1327 1784 tempus
1344 1739 1520 1780 statuere
1537 1727 1681 1776 audet,-

310 1791 406 1831 hinc
439 1787 606 1831 scribit.
639 1787 851 1829 Incertum
889 1786 1008 1840 apud
1043 1799 1113 1826 me
1144 1795 1236 1834 est,
1269 1801 1558 1844 quoprzmzcm
1575 1794 1680 1826 tem-

307 1861 411 1903 pore
441 1862 495 1889 ea
532 1846 812 1902 liquescentia
866 1845 1113 1900 contigerit,
1167 1846 1235 1884 vel
1258 1844 1396 1898 fuerit
1432 1847 1682 1885 observata.

318 1906 504 1948 Omnino
536 1913 704 1956 autem,
744 1905 785 1945 si
811 1917 899 1944 non
931 1908 1073 1943 statim
1109 1902 1162 1942 ab
1199 1917 1292 1943 ems
1310 1903 1446 1943 caede
1479 1901 1682 1960 contegit,

313 1965 390 2007 sed
420 1964 560 2004 multis
582 1971 680 2016 post
713 1963 931 2011 saeculis,
967 1959 1014 2000 id
1045 1966 1089 2002 in
1126 1962 1337 2001 occultam
1360 1961 1553 2002 aninzs
1584 1974 1682 2014 pro-

314 2022 531 2064 videntiam
579 2019 852 2062 reiiciendum
883 2028 957 2060 est.
990 2018 1221 2060 Mazoehius
1259 2020 1422 2059 interim
1467 2018 1517 2059 de
1564 2016 1680 2060 Eccl

315 2085 442 2137 Neap.
478 2093 564 2134 pag·
597 2080 652 2120 50
684 2079 882 2120 Cruorem
935 2079 987 2118 D.
1023 2077 1197 2118 Ianuarii
1246 2087 1434 2117 autumat
1485 2076 1591 2117 circa
1621 2088 1687 2114 an

316 2154 415 2182 num
452 2135 813 2180 MCCCXXXVI.
847 2134 952 2194 (1),
987 2149 1058 2177 nec
1079 2146 1170 2176 ante
1204 2135 1407 2176 saeculum
1432 2134 1546 2176 XVI.
1575 2131 1685 2176 ebut-

408 2292 465 2340 (ι)
492 2271 733 2342 Hieronymus
760 2306 780 2329 a
804 2291 844 2330 S.
871 2292 993 2336 Anna,
1043 2291 1129 2329 Vita
1155 2291 1195 2326 di
1220 2290 1262 2327 S.
1312 2290 1486 2326 Gennaro
1514 2286 1579 2324 lib.
1625 2287 1679 2321 Il⁸
