1920 2579
320 160 414 199 tur,
449 144 866 199 carissi'mifiierint.
906 145 1062 188 Plinius
1100 148 1207 190 Hist.
1243 146 1388 189 Natur.
1422 147 1690 194 1ib.XXX11.

317 224 351 249 c.
388 209 411 249 5
448 207 498 248 de
535 208 675 249 eodem
710 206 832 245 etiam
866 206 973 261 pisce
1009 223 1237 247 sermonem
1269 207 1456 247 instituit.
1504 208 1584 248 llic
1623 225 1692 250 au-

318 278 399 308 tem
441 282 462 307 a
500 266 667 307 Graecis
699 263 901 312 Xpuooqapus
941 264 1017 305 fuit
1054 276 1246 318 vocatus,
1281 280 1329 306 eo
1362 265 1476 321 quod
1510 267 1597 306 auri
1618 264 1688 309 co-

311 325 440 368 lorem
474 324 660 375 'eiusdem
690 325 842 368 referat
875 335 1012 381 caput.

427 384 632 426 Lucrinus
667 395 803 425 autem
838 383 946 424 lacus
984 383 1081 422 olim
1123 381 1308 436 publicus
1351 393 1470 433 erat,
1511 397 1688 439 eumque

311 441 364 483 ob
403 441 507 481 lucri
542 441 803 496 piscationem
856 441 1024 498 plurimi
1058 440 1261 481 faciebant
1310 451 1559 481 mercatores.
1608 442 1687 483 Sed

309 515 404 541 cum
444 500 678 555 proximum
714 516 824 543 mare
855 515 972 556 saepe
1009 499 1048 539 in
1085 498 1216 539 lacum
1267 510 1496 551 aestuaret,
1540 514 1686 553 magna

310 558 553 614 plerumque
589 561 882 603 mercatoribus
923 558 1106 611 damna,
1155 569 1194 596 et
1225 556 1491 612 piscatoribus
1540 557 1686 599 insere-

309 616 411 666 bat3
444 616 549 657 hanc
582 617 635 658 ob
675 633 837 659 causam
872 630 1063 670 magnum
1096 614 1263 669 vectigal
1285 645 1299 664 ,
1340 614 1452 669 quod
1489 615 1683 657 RomanIS

310 674 650 731 persolvebatur,
688 678 844 732 saepius
877 674 1042 715 eosdem
1076 671 1361 713 frustrabatur.
1402 673 1573 726 Augusti
1615 691 1679 716 ve·

311 748 359 773 ro
393 747 491 773 aevo
522 736 581 775 M.
615 735 818 792 Agrippae
854 732 1062 788 negotium
1095 731 1268 784 datum,
1303 741 1348 774 ut
1385 730 1615 771 Lucrinum
1659 748 1681 773 a

310 791 432 832 maris
462 791 617 847 impetu
654 801 791 833 tutum
830 791 1044 841 redderet,
1077 804 1098 829 a
1147 805 1230 845 quo
1282 790 1395 830 iactis
1450 788 1684 842 ingentibus

306 848 487 890 molibus
511 880 524 899 ,
559 860 600 890 et
633 865 760 906 parvo
799 850 938 892 relicto
974 857 1096 905 portu
1140 863 1235 888 cum
1269 849 1433 890 Averno
1455 846 1507 886 ad
1539 848 1683 903 Superi

303 908 428 950 maris
454 907 622 949 tutelam
655 910 889 960 confectus,
927 919 965 948 et
998 906 1128 947 Iulius
1164 917 1308 962 portus
1338 904 1575 962 appellatus.
1603 908 1678 946 La-

303 981 375 1006 cus
407 965 475 1006 hic
505 982 614 1007 nunc
654 978 713 1008 est
750 968 913 1023 penitus
932 966 981 1006 ab
1001 965 1166 1021 antiqua
1189 965 1321 1006 somna
1343 974 1536 1014 mutatUS‚
1556 964 1678 1019 quip-]

301 1038 353 1079 pe
385 1023 500 1079 quod
535 1024 667 1066 lutosa
702 1027 838 1082 potius
874 1025 985 1081 palus
1021 1038 1104 1065 esse
1143 1023 1327 1063 videatur
1352 1053 1363 1073 ,
1403 1031 1440 1061 et
1475 1021 1515 1060 in
1566 1036 1678 1075 prae·

303 1083 540 1123 sentiarum'
561 1098 710 1138 parvus
741 1094 802 1125 est
837 1084 974 1132 lacus,
1012 1081 1271 1137 mediamque
1304 1082 1343 1120 in
1372 1080 1547 1120 formam
1568 1077 1680 1118 reda-

302 1149 391 1180 ctus
419 1138 613 1181 ob'Novi
656 1141 808 1183 Montis
840 1140 1094 1181 eructionem
1117 1171 1129 1190 ,
1169 1150 1212 1180 ut
1244 1149 1337 1179 ante
1368 1137 1576 1188 diximus,
1612 1136 1682 1192 qui

303 1196 481 1247 mediam
524 1197 633 1240 lacus
663 1210 819 1256 partem
856 1197 1087 1254 occupavit.

84 1267 290 1305 Portus-tutius.
423 1257 535 1298 Cum
563 1271 660 1300 vero
701 1258 842 1298 Sextus
881 1256 1096 1312 Pompeius
1128 1256 1231 1297 Cnei
1271 1253 1453 1312 Pompeii
1474 1254 1612 1310 Magni
1636 1255 1681 1298 fi-

301 1314 378 1357 lius
405 1313 536 1358 Sicilia
563 1315 716 1371 potitus
751 1326 883 1367 esset,
920 1314 1171 1356 Octavianus
1212 1314 1361 1355 Caesar
1414 1323 1458 1353 ut
1499 1328 1682 1354 exercen-

301 1373 365 1415 dis
394 1373 604 1415 classiariis
635 1373 899 1415 commodam
936 1372 1106 1414 haberet
1140 1374 1357 1413 stationem
1377 1403 1389 1422 ‚
1438 1371 1494 1410 M.
1533 1372 1681 1429 Agrip-

297 1447 372 1489 pae
406 1446 529 1487 opera
576 1447 598 1473 e
632 1430 786 1487 duplici
835 1431 924 1471 lacu
971 1430 1182 1481 Lucrino,
1225 1432 1505 1485 Avernoque‚
1552 1444 1682 1471 unum

298 1490 435 1531 effecit
466 1500 662 1545 portum,
697 1489 951 1547 Lucrinique
979 1503 1084 1545 aqua
1135 1488 1177 1527 in
1229 1489 1441 1529 Avernum
1498 1486 1683 1528 inu-odu-

298 1558 365 1592 cta
388 1580 401 1600 ,
438 1562 543 1604 quae
576 1564 638 1590 res
666 1548 814 1589 accidit
843 1562 951 1589 anno
986 1550 1040 1588 V.
1084 1547 1130 1586 C.
1167 1546 1421 1587 DCCXVII.
1464 1544 1583 1585 Iactis
1618 1560 1685 1584 ve-

297 1621 348 1650 ro
388 1609 430 1648 in
458 1619 571 1647 mare
599 1605 777 1647 molibus
799 1636 811 1657 ,
847 1604 1078 1648 Lucrinum
1109 1604 1161 1644 ita
1195 1603 1387 1654 inclusit,
1419 1614 1465 1643 ut
1488 1602 1601 1643 illisis
1623 1602 1676 1642 ad

301 1666 432 1706 :moles
462 1663 657 1706 fluctibus
688 1679 807 1706 naves
842 1674 935 1705 tuto
970 1673 1137 1719 portum
1179 1671 1385 1717 peterent:
1422 1661 1537 1717 isque
1572 1661 1680 1701 Por·-

304 1732 369 1766 tus
395 1724 520 1766 Iulius
550 1722 698 1778 passim
732 1737 755 1763 a
789 1722 1055 1778 scriptoribus
1087 1719 1166 1762 fuit
1204 1719 1400 1760 salutatus
1416 1750 1436 1769 ,,
1478 1728 1619 1775 utpote
1653 1733 1675 1759 a

296 1781 408 1824 Iulio
439 1780 608 1822 Caesare
631 1780 707 1822 sub
747 1779 831 1821 eius
864 1781 1053 1836 auspiciis
1081 1778 1250 1819 dicatus.
1269 1778 1487 1819 Suetonius
1507 1778 1546 1817 in
1570 1777 1675 1827 Aug.

295 1855 330 1882 c.
369 1841 417 1881 16
450 1840 505 1880 ita
541 1849 706 1880 narrat:
738 1838 926 1881 Navibus
964 1854 1017 1882 ex
1050 1844 1207 1892 integro
1225 1839 1470 1892 fabricam,
1515 1852 1565 1877 ac
1590 1838 1679 1878 XX.

292 1915 491 1940 servorum
521 1897 699 1940 millibus
736 1900 1009 1948 manumissis,
1049 1907 1090 1938 et
1132 1899 1183 1937 ad
1212 1912 1364 1938 remum
1407 1895 1511 1937 datis
1533 1925 1546 1944 ,
1580 1911 1677 1949 por-

295 1967 378 2000 tum
420 1959 524 2012 apud
564 1961 687 2000 Baias
707 1992 720 2010 ‚
752 1958 923 1998 immisso
964 1958 1004 1998 in
1034 1956 1277 2008 Lucrinum,
1311 1963 1350 1995 et
1389 1953 1673 1995 Averrzumla-

295 2031 388 2059 cum
415 2021 543 2066 mari,
580 2017 725 2074 efficit.
764 2016 819 2056 Et
850 2015 1030 2058 Velleius
1075 2012 1307 2054 paterculus
1341 2011 1409 2052 lib.
1452 2013 1502 2052 ll.
1546 2025 1581 2052 c.
1621 2027 1676 2063 29

290 2074 345 2114 ita
377 2075 498 2114 etiam
536 2085 702 2116 nai-rat:
737 2078 815 2116 Hic
849 2091 988 2130 nempe
1027 2073 1089 2114 M.
1129 2076 1305 2127 Agrippa
1336 2072 1375 2112 in
1403 2074 1587 2116 Averno,
1636 2078 1674 2108 et

294 2132 477 2173 Lucrino
532 2134 625 2175 lacu
670 2134 962 2189 speciosissima
1012 2133 1133 2174 classe
1154 2131 1359 2186 fizbricata
1381 2161 1394 2179 ,
1446 2127 1681 2184 quotidianis

292 2192 644 2235 exercitationibus
675 2193 872 2247 militem,
901 2192 1175 2248 remigemque
1210 2193 1262 2238 ad
1288 2204 1476 2234 summam
1495 2219 1506 2239 ‚
1538 2195 1573 2231 et
1601 2189 1673 2231 mi·
