1920 2579
359 169 443 198 222

357 216 500 254 vidisse
532 222 702 255 testatur
736 227 856 269 super
891 213 1162 256 Antinianum
1195 213 1366 264 collem,
1403 224 1443 255 et
1472 213 1522 256 ad
1554 213 1719 256 eandem

355 273 462 311 viam
499 270 768 326 pertinenttm
800 270 990 312 milliario
1029 273 1219 325 signatam
1268 272 1358 313 VII.
1411 273 1540 313 Miror
1589 283 1722 313 tamen

353 328 576 384 capacium
608 327 710 370 ibid.
743 329 964 385 patriarum
983 345 1116 370 rerum
1137 328 1365 384 diligentem
1402 330 1721 384 investigatorem

352 386 589 442 scripsisse,
625 385 764 436 viam,
799 384 850 427 de
884 402 964 442 qna
996 387 1082 429 heic
1125 402 1285 440 sermo,
1333 388 1510 442 Appiam
1554 388 1721 444 appella-

351 452 436 484 tam
481 443 634 496 fuisse,
679 443 792 500 quod
842 444 1009 500 quidem
1060 446 1228 487 omnino
1278 445 1423 485 salsum
1484 455 1573 497 est,
1622 458 1722 486 cum

353 515 576 556 numquam
610 514 656 542 ea
704 515 775 557 per
827 502 1093 545 Antinianum
1152 502 1351 543 transierit
1394 502 1573 554 collem,
1628 516 1723 544 cum

350 568 510 599 tantum
542 559 719 604 eiusdem
755 574 888 600 ramus
919 572 1030 603 esset.
1061 561 1125 601 Ex
1156 560 1280 601 allatis
1311 560 1509 614 lapidibus
1539 560 1632 601 huic
1665 563 1718 601 vi-

352 632 396 657 ae
431 617 448 673 (
480 632 498 656 a
531 618 710 659 Puteolis
741 617 954 674 Neapolim
987 634 1113 674 usque
1144 620 1162 671 )
1216 618 1438 659 Traianae
1468 633 1614 659 nomen
1648 618 1720 659 do-

349 673 532 715 nandum
580 676 772 730 arguitur.
835 679 922 718 Nos
971 675 1134 717 interim
1185 676 1310 733 ipsam
1364 689 1387 714 a
1439 676 1618 716 Sinuessa
1668 675 1719 717 ad

350 731 542 774 Puteolos
573 733 871 775 Domitianam
901 733 1214 789 appellavimus,
1250 743 1297 774 ut
1315 747 1363 774 ex
1384 733 1559 789 plurium
1583 743 1721 774 aucto-

352 805 445 831 rum
480 791 716 832 testimoniis
739 823 752 841 ‚
784 801 822 831 et
855 793 1087 846 praesertim
1110 793 1235 833 Statio
1268 791 1348 847 (ut
1379 802 1471 831 ante
1504 791 1717 843 diximus)

350 847 562 905 probatur.
595 850 633 892 A
677 849 854 891 Puteolis
894 864 989 891 vero
1025 850 1243 905 Neapolim
1296 864 1424 905 usque
1476 863 1555 889 non
1608 848 1717 888 aliud

352 921 499 947 nomen
521 906 784 949 tribuendum
808 907 984 958 videtur,
1004 923 1127 963 quam
1150 908 1382 948 Traianam
1415 913 1538 950 viam·
1564 906 1718 959 Quam-

351 966 409 1005 vis
441 965 549 1005 enim
583 964 742 1007 nullum
773 965 825 1007 ad
858 966 935 1006 hoc
955 964 1215 1022 probandum
1249 975 1354 1007 extet
1386 974 1718 1014 monumentum,

353 1033 488 1063 tamen
530 1038 576 1064 ex
607 1024 780 1065 recitatis
821 1023 1150 1080 inscriptionibus
1187 1033 1292 1064 recte
1328 1023 1513 1078 colligere
1543 1021 1584 1063 id
1629 1037 1721 1077 pos-

353 1096 507 1122 sumus.
542 1082 604 1121 Ex
636 1082 766 1123 verbis
795 1082 1095 1138 peragendam
1145 1082 1343 1134 curavit,
1375 1082 1583 1136 arguitur,
1617 1082 1722 1121 Ner-

352 1153 442 1180 vam
463 1173 476 1192 ‚
511 1149 549 1178 et
578 1139 798 1180 Traianum
830 1141 997 1180 eandem
1032 1139 1164 1194 lapide
1204 1140 1446 1191 munivisse,
1480 1154 1601 1194 quarn
1631 1138 1718 1183 ,for-

351 1207 451 1237 tasse
493 1207 581 1251 post
620 1206 678 1238 tot
708 1198 863 1238 saecula
894 1196 1239 1240 collabefactatam
1272 1199 1546 1238 restituerunt·
1595 1195 1720 1236 Pelle-

353 1254 505 1309 grinius
538 1255 644 1295 Disc.
678 1256 730 1296 II.
766 1269 879 1296 num·
912 1254 964 1299 Π.
995 1265 1033 1294 et
1069 1254 1283 1296 Falconius
1317 1252 1603 1310 Neapolitanus
1651 1253 1722 1292 Vi-

354 1324 395 1352 ta
426 1312 465 1351 S·
501 1312 702 1365 Ianuarii,
736 1323 781 1353 ut
816 1313 912 1353 alios
937 1323 1212 1369 praeteream,
1245 1312 1450 1356 evidenter
1478 1312 1582 1353 hanc
1616 1310 1719 1350 viam

362 1371 598 1411 Traianum
630 1370 847 1427 appellant.
882 1372 1155 1426 Compertum
1213 1384 1305 1412 vero
1351 1380 1444 1420 est,
1494 1378 1539 1408 ut
1583 1379 1721 1408 narrat

353 1427 432 1474 Dio
471 1427 631 1474 Cassius
665 1428 733 1469 lib·
777 1428 909 1471 XXV·
969 1427 1260 1484 Imperatorem
1297 1427 1518 1469 Traianum
1566 1425 1722 1481 publiea

321 1487 324 1490 ⁴
357 1496 596 1527 restaurasse
638 1502 774 1544 opera,
796 1487 1032 1543 praesertim
1064 1485 1261 1542 quosdam
1299 1495 1450 1542 portusv
1481 1494 1605 1539 atque
1624 1485 1719 1525 viast

357 1546 451 1584 hinc
484 1544 743 1601 putandum,
780 1545 906 1601 ipsam
941 1555 1137 1587 vetustate
1169 1553 1440 1587 senescentem
1475 1542 1526 1583 ab
1573 1541 1719 1583 eodem

357 1614 636 1643 restauratam.
671 1606 832 1645 Praeter
879 1603 1057 1644 Dionem
1105 1601 1217 1643 adest
1264 1602 1410 1644 Galeni
1462 1601 1676 1641 auctoritas
1703 1631 1715 1649 ‚

359 1662 429 1716 qui
462 1660 602 1701 floruit
637 1663 721 1717 ipso
752 1662 930 1703 Traiano
951 1661 1218 1717 imperitante.
1253 1661 1332 1701 Hic
1365 1668 1500 1702 narrat
1517 1658 1566 1699 de
1595 1657 1720 1702 Mein

359 1720 469 1761 Med.
501 1719 568 1760 lib·
600 1720 672 1764 IX.
708 1734 742 1760 c.
762 1722 784 1765 8
823 1722 954 1775 ipsum
989 1721 1123 1775 plures
1154 1718 1262 1764 silice
1290 1719 1472 1758 stravisse
1506 1717 1600 1767 vias,
1620 1729 1724 1772 quae

357 1776 542 1833 pluribus
571 1775 717 1818 abhinc
747 1780 860 1818 annis
896 1792 1057 1833 pessum
1093 1777 1216 1819 ibant.
1248 1777 1350 1830 Quis
1387 1791 1478 1831 ergo
1537 1786 1625 1831 post
1666 1784 1724 1814 tot

358 1838 604 1892 scriptorum
642 1837 868 1878 testimonia
903 1850 1045 1890 negare
1074 1836 1211 1885 ausit,
1260 1836 1482 1875 Tsaianum
1537 1832 1722 1874 Puteola-

357 1909 450 1935 nam
484 1895 685 1950 lapidibus
717 1895 937 1939 munivisse
963 1894 1102 1946 viam,
1139 1906 1242 1950 quae
1276 1908 1324 1935 eo
1361 1904 1540 1949 tempore
1582 1889 1723 1932 fortas-

360 1968 399 1993 se
447 1955 638 1999 Traiana
669 1952 746 1994 suit
781 1954 985 1994 salutata?
1325 1979 1329 1984 -

474 2013 585 2054 Haec
623 2021 758 2067 postea
787 2012 932 2058 collem
948 2010 1220 2057 Antinianum
1260 2009 1446 2066 pergebat
1463 2024 1532 2066 per
1572 2006 1607 2047 S·
1645 2007 1728 2047 Ste-

356 2071 479 2126 phani
515 2069 738 2111 aediculam
763 2102 775 2121 ‚
812 2070 880 2111 ubi
911 2079 1128 2126 supersunt
1161 2069 1278 2125 plura
1315 2069 1487 2124 vestigia·
1530 2065 1636 2107 Hinc
1672 2063 1723 2104 ad

360 2130 471 2170 collis
503 2130 670 2185 planum
724 2127 1009 2185 perveniebat,
1039 2138 1078 2168 et
1133 2127 1227 2168 inde
1265 2142 1334 2183 per
1375 2125 1633 2172 Antinianam
1657 2123 1726 2162 vil-

360 2187 472 2238 lam‚'
505 2198 549 2228 ut
584 2186 720 2229 videre
752 2197 810 2229 est
841 2203 885 2228 cx
921 2185 1093 2227 millenis
1120 2184 1295 2227 silicibus
1331 2185 1475 2242 passim
1509 2197 1578 2238 per
1613 2195 1725 2235 agros

357 2245 542 2301 dispersis
567 2263 578 2295 3
613 2246 706 2285 inde
736 2261 806 2301 per
850 2244 1073 2285 Ecclesiam
1100 2245 1139 2286 S·
1179 2244 1327 2285 Mariae
1363 2242 1414 2283 ad
1446 2240 1637 2282 Liberam
1659 2270 1667 2290 ‚
1689 2250 1726 2279 et

357 2304 451 2348 hinc
478 2319 549 2364 per
582 2304 622 2346 S·
653 2303 839 2350 lanuariii
873 2303 933 2347 ad
965 2303 1201 2352 Vomerem
1223 2336 1233 2352 ,
1273 2311 1319 2342 ut
1348 2300 1542 2342 dictitant·
1594 2298 1726 2355 Eulo-
