1920 2579
1496 156 1518 180 α

272 205 508 264 Spartianus
541 219 572 245 c.
609 204 659 244 25
694 200 1103 243 Hadrianumuarrat
1121 202 1434 256 Imperatorem,
1452 156 1550 240 ευιὲ

159 270 263 313 esset
296 267 403 309 Baiis
424 297 434 316 ,
467 277 708 319 supremum
738 261 884 302 obiisse
917 260 1024 300 diem
1045 290 1058 309 a
1089 270 1129 302 et
1161 261 1202 299 in
1237 257 1457 299 Academia
1476 257 1545 298 Ci-

167 328 328 370 ceronis
360 325 480 366 fuisse
513 319 794 369 tumulatum,·
829 319 936 360 Post
967 319 1051 360 hoc
1103 317 1362 358 Hadrianus
1412 315 1549 356 Baias

160 387 311 442 petiit,
343 381 566 425 Antonino
599 379 762 418 Romae
794 377 854 417 orl
884 377 1187 432 imperandum
1237 376 1400 416 relicto.
1459 373 1548 414 Vbi

169 460 270 486 cum
303 441 410 483 nihil
433 438 698 494 proficeret,
732 437 941 476 arcessito
977 436 1223 484 Antonino,
1262 435 1303 473 in
1353 446 1540 487 conspe—

167 513 238 544 cta
270 501 365 542 eius
392 496 510 552 apud
538 496 656 549 ipsas
690 494 823 535 Baias
850 494 979 548 periit
1011 493 1080 533 (lie
1118 491 1204 534 VI.
1238 492 1384 532 iduum
1410 491 1544 530 Iulia—

170 575 266 601 rum
286 590 299 608 ‚
331 557 581 610 invisusque
616 552 812 593 omnibus
844 552 1034 606 sepultus
1068 560 1130 591 est
1161 551 1205 589 in
1240 550 1339 591 villa
1376 549 1547 589 Cicero-

171 620 304 659 niana
336 613 543 656 Puteolis.
576 610 689 651 Idem
717 621 862 652 auctor
895 626 927 650 e.
962 609 1093 650 ultim.
1115 607 1340 662 subiungit,
1364 604 1539 646 eundem

173 677 465 733 Imperatorem
499 671 606 711 iuxta
634 669 722 708 eius
753 668 1014 724 sepulchrum
1052 665 1249 721 templum
1298 664 1370 706 sibi
1406 665 1554 716 erigen-

172 734 273 776 dum
308 744 493 780 curasse3
531 728 755 782 Templum
787 727 971 783 deniqne
1003 727 1044 765 ei
1069 739 1151 780 pro
1183 725 1385 778 sepulcro
1425 721 1544 775 apud

174 790 383 834 Puteolos⁴
411 788 627 828 constituit
645 815 659 834 ,
697 795 735 824 et
766 784 1088 842 quinquennale
1123 792 1361 830 certamen,
1382 790 1420 820 et
1440 779 1547 821 Fla-

180 850 345 898 mina,
378 855 418 887 et
449 845 663 893 Sodales,
696 851 736 882 et
770 843 901 883 multa
933 842 1022 882 alia
1045 872 1056 890 ‚
1088 855 1199 897 quae
1231 840 1291 880 ad
1339 841 1551 879 honorem

173 907 298 963 qnasi
330 904 516 945 numinis
543 903 819 957 pertinerent.
856 898 966 939 Idem
1002 909 1138 939 narrat
1168 898 1358 938 Aurelius
1404 895 1557 935 Victor

176 966 228 1004 de
260 962 418 1003 Caesar.
450 975 484 1000 c,
526 963 591 1010 14.
622 957 856 1000 lornan'des,
879 957 928 997 de
961 957 1134 1011 Regnor.
1172 956 1348 996 Success.
1397 970 1430 995 c.
1464 960 1518 1006 74
1542 983 1556 1002 ‚

176 1021 337 1076 aliique.

298 1074 517 1132 Templum
552 1075 763 1117 Antonino
796 1086 976 1116 erectum
1008 1073 1195 1116 nonnulli
1228 1072 1329 1113 illud
1348 1072 1479 1128 ipsum
1502 1083 1560 1109 es·

180 1152 223 1178 se
256 1135 505 1176 arbitrantur
529 1166 541 1185 ‚
573 1133 686 1190 quod
720 1148 829 1173 nunc
861 1134 935 1174 sub
959 1133 1143 1189 Neptuni
1161 1130 1361 1171 salutatur
1381 1127 1560 1170 nomine.

184 1197 230 1235 ln
265 1192 408 1235 eodem
446 1207 543 1234 vero
576 1201 757 1248 repertae
788 1192 900 1233 fuere
930 1191 1132 1248 quaedam
1165 1189 1359 1230 Hadriani
1411 1196 1566 1228 statuae

181 1254 316 1294 laurea
351 1266 495 1292 corona
513 1250 864 1307 ,paludamentis
885 1281 896 1300 ‚
928 1250 1095 1305 aliisque
1126 1247 1395 1304 imperatoriis
1444 1246 1564 1298 signis

179 1310 410 1352 decoratae.
447 1309 647 1366 Capacius
680 1308 976 1360 lib.ff11.⁴Hist.
1009 1309 1137 1364 Neap.
1172 1322 1206 1349 c,
1242 1320 1269 1350 2
1299 1304 1473 1362 lapidem
1507 1317 1569 1342 re·

184 1370 263 1410 fert
294 1383 388 1420 cum
424 1367 628 1409 columnis
661 1376 883 1422 repertum.

304 1429 438 1481 Prope
471 1426 677 1466 Ciceronis
708 1424 845 1464 villam
877 1424 938 1463 Cl.
973 1425 1103 1463 Iorius
1135 1439 1221 1478 pag.
1245 1422 1299 1463 55
1313 1423 1454 1463 scribit
1475 1424 1570 1464 fuis-

184 1497 227 1523 se
256 1483 351 1523 Iulii
386 1492 527 1537 portus
558 1482 738 1522 Pharum
771 1480 821 1520 ad
855 1480 1105 1521 venientium
1139 1479 1424 1523 commodum.
1477 1481 1570 1521 Hu-

188 1541 249 1580 ius
282 1539 455 1581 fabricae
487 1538 632 1580 rudera
665 1539 853 1579 visuntur
885 1553 995 1579 nunc
1026 1538 1101 1579 sub
1134 1540 1248 1594 aquis
1268 1539 1450 1587 marinis,
1476 1553 1573 1595 pro«

187 1614 238 1655 pe
268 1612 390 1653 quem
420 1596 560 1638 locum
592 1611 706 1653 saepe
738 1595 964 1637 adservasse
997 1597 1104 1638 idem
1138 1607 1282 1637 auctor
1314 1597 1453 1637 asserit
1476 1597 1571 1638 alias

188 1665 366 1697 vetustas
398 1654 569 1696 fabricas
601 1654 676 1694 sub
707 1653 851 1694 iisdem
883 1655 998 1710 aquis
1044 1656 1224 1711 positam,
1272 1669 1372 1710 quas
1417 1654 1572 1695 incolae

185 1726 333 1755 vocant
365 1715 405 1754 le
439 1712 663 1764 Fumone,
701 1711 798 1752 olim
831 1712 955 1754 dictas
988 1713 1116 1754 Saxa
1136 1714 1335 1765 famosa.
1372 1712 1466 1755 Hoc
1487 1729 1572 1755 mo-

189 1781 437 1813 numentum
470 1770 636 1811 sortasse
668 1770 718 1811 ad
752 1769 929 1811 vicinum
962 1782 1128 1826 portum
1162 1771 1375 1826 pertinuit.

305 1831 434 1885 Supra
465 1828 685 1884 descriptas
718 1829 912 1867 hacteuus
944 1826 1224 1868 aedificiorum
1252 1824 1390 1870 rui‘nas
1423 1829 1473 1869 ad
1506 1843 1574 1870 oc-

187 1887 418 1937 cidentem,
452 1886 521 1927 ubi
554 1887 717 1941 antiqua
753 1885 849 1926 urbs
881 1884 1152 1940 adsurgebat‚
1185 1896 1308 1927 restat
1330 1886 1466 1927 adhuc
1487 1888 1577 1928 viae

184 1945 416 2003 Campanae
451 1944 515 2003 (1)
552 1959 670 2001 pars:
707 1945 746 1984 in
779 1943 866 1985 loco
901 1959 1027 1996 vero,
1066 1943 1133 1984 ubi
1166 1942 1315 1985 dieitur
1351 1945 1394 1986 S.
1438 1946 1572 1995 Viro,

292 2153 344 2195 (1)
374 2150 436 2186 Via
465 2149 646 2199 Campana
670 2178 680 2194 ‚
710 2162 803 2200 quae
831 2150 902 2185 fuit
938 2149 1076 2199 Appiae
1114 2161 1237 2185 ramus
1258 2175 1267 2192 ,
1304 2149 1352 2184 ita
1390 2155 1537 2184 vocatur
1562 2177 1571 2193 ,

195 2199 294 2248 quod
319 2214 337 2235 a
365 2198 488 2249 Capua
518 2201 712 2249 incipiebat
739 2227 747 2243 ‚
775 2207 808 2235 et
837 2199 880 2235 ad
907 2200 1076 2239 Puteolos
1114 2213 1227 2248 usque
1273 2197 1569 2248 protendebatur.

196 2241 248 2284 ΕΞ
277 2249 344 2285 fuit
370 2250 476 2291 etiam
504 2250 597 2286 dicta
626 2250 837 2286 Consularis
858 2278 867 2295 ‚
897 2249 995 2300 quod
1025 2249 1241 2299 reipublicae
1263 2262 1351 2285 aevo
1374 2248 1471 2284 silice
1490 2261 1574 2296 qua-

195 2300 296 2336 drato
322 2300 389 2336 fuit
413 2290 533 2339 ἒὶΐτειῑει.
563 2300 704 2338 Plinius
732 2300 841 2337 huius
874 2301 955 2340 facit
987 2302 1214 2338 mentionem
1242 2299 1303 2335 lib.
1334 2299 1464 2336 XVIII.
1486 2312 1516 2334 c.
1542 2297 1573 2331 11
