1920 2579
134 681 306 708 firmilianum

154 717 262 743 Atellae,

162 1454 264 1484 Abella.

359 94 411 137 32

472 153 585 209 Ager
609 152 843 209 Aversanus
875 161 935 196 est
965 154 1069 198 adeo
1101 152 1242 199 fertilis
1267 187 1279 208 ‚
1311 165 1357 200 ut
1377 154 1630 218 cuiuscuque
1653 178 1719 221 ge*⁴

349 213 457 255 neris
495 213 682 261 fructus,
716 220 756 252 et
785 214 971 269 exquisiti
1006 213 1206 271 producat
1225 217 1406 276 saporis3
1438 215 1548 260 haud
1563 236 1718 265 memo-

350 288 439 314 rem
476 273 681 329 optimum
709 270 993 323 frumentum,
1026 283 1066 315 et
1085 290 1329 318 cucumeres
1356 306 1367 326 7
1402 275 1471 331 qui
1494 290 1719 323 nascuntur

349 330 459 372 haud
498 329 645 387 procul
677 345 699 370 a
734 328 868 372 Clanii
907 330 1140 389 paludibus.
1178 332 1410 378 Hodiedum
1445 334 1539 376 urbs
1580 337 1718 381 sedem

343 389 467 431 habet
505 388 798 445 F-piscopalem
820 420 831 438 ‚
868 399 909 432 et
929 398 1008 433 un'a
1027 401 1086 435 est
1108 407 1130 434 e
1151 393 1436 450 Neapolitano
1457 408 1586 450 regno
1602 411 1718 452 prae-

341 448 474 505 cipua.
510 449 642 489 Huius
678 446 789 489 urbis
828 448 1063 507 Episcopus
1100 467 1147 492 ex
1189 467 1234 493 ea
1271 460 1515 509 tempestate
1536 453 1612 494 fuit
1646 471 1717 512 ap-

338 507 515 563 pellatus
562 506 794 547 Atellanus
842 507 1034 549 Praesul
1081 525 1104 551 a
1163 509 1298 553 vicina
1336 509 1488 552 Atella.
1529 511 1714 556 Tandem

328 581 439 609 nunc
479 564 634 607 isthaec
673 563 999 622 splendidissima
1034 576 1093 610 est
1117 599 1131 620 ,
1185 567 1390 625 habetque
1422 565 1610 613 aedificia
1646 587 1716 615 no·

336 624 546 668 bilissima.

452 685 582 741 Prope
617 686 818 728 Aversam
851 693 910 724 est
941 684 1058 727 vicus
1095 683 1228 726 dictus
1265 683 1547 726 Pomilianum
1600 687 1715 729 Atel-

328 742 425 793 lae,
460 758 557 783 cum
589 758 738 784 nomen
772 749 942 797 usurpet
974 742 1022 782 ab
1059 757 1200 784 eversa
1230 742 1343 784 urbe·
1384 745 1517 797 Prope
1557 742 1712 786 Nolam

328 800 429 843 alius
467 798 651 857 adsurgit
683 801 799 845 vicus
829 797 1010 841 eiusdem
1028 800 1210 842 nominis
1228 799 1446 844 Pomiliani
1470 798 1708 845 adare-um,

746 913 1118 967 CAPUT
1195 915 1287 968 XI.

324 1044 639 1088 Describuntur
667 1045 783 1088 aliae
814 1044 938 1088 urbes
957 1075 972 1096 ,
999 1048 1056 1085 uti
1077 1045 1226 1085 Abella
1246 1075 1258 1094 ,
1296 1040 1425 1085 Nola
1443 1076 1457 1096 ,
1505 1044 1710 1103 aliaeque

575 1105 810 1146 nonnullae
829 1136 841 1156 ,
873 1119 971 1145 cum
1009 1103 1120 1145 vicis
1152 1103 1308 1145 incerti
1333 1103 1453 1144 situs.

439 1223 665 1278 Postquam
698 1220 746 1265 de
770 1219 1018 1281 Campaniae
1050 1217 1202 1262 Felicis
1239 1217 1372 1275 opidis
1408 1220 1579 1264 vetustis
1599 1221 1704 1266 ultra

321 1279 504 1338 citraque
536 1282 723 1339 Capuam
759 1281 886 1326 verba
917 1280 1095 1323 fecimus
1119 1310 1130 1331 ,
1175 1292 1287 1322 nune
1322 1277 1370 1320 de
1407 1278 1495 1321 aliis
1545 1284 1709 1340 Neapo„

317 1340 392 1381 lim
428 1354 556 1398 prope
580 1339 778 1385 dicemus,
812 1339 918 1383 Heio
958 1337 1143 1397 primum
1174 1335 1223 1381 de
1261 1337 1415 1381 Abella
1445 1353 1584 1383 sermo
1610 1352 1709 1398 pro-2·

317 1397 541 1442 ducendus.

403 1460 492 1514 >Ea
526 1457 620 1501 urbs
653 1458 729 1501 fuit
761 1472 891 1517 prope
928 1455 1085 1500 Nolam
1119 1452 1460 1514 septentrionem
1498 1466 1706 1516 spectum,

320 1531 342 1558 a
371 1516 546 1573 Neapoli
577 1518 690 1559 XVI.
723 1515 871 1574 lapide.
904 1515 1189 1573 Conspicuam
1243 1529 1336 1557 eam
1383 1514 1509 1558 fuisse
1531 1548 1543 1567 ‚
1597 1526 1638 1559 et
1684 1533 1708 1560 a

321 1574 492 1616 Graecis
532 1575 746 1618 conditam
777 1574 921 1619 scribit
957 1574 1124 1618 Servius
1147 1574 1188 1615 in
1209 1571 1515 1630 illum-Virgilii
1539 1589 1704 1619 versum

320 1633 413 1674 AEn.
446 1633 542 1673 VlI.
577 1641 662 1685 740

437 1690 498 1731 Ee
531 1705 639 1747 quos
679 1691 910 1744 maliferae
941 1686 1195 1745 despectant
1230 1688 1408 1729 moenia
1447 1689 1637 1731 Abellae.

319 1746 429 1791 Hinc
456 1747 696 1806 subiungit:
739 1749 930 1806 Quidam
962 1746 1077 1788 Itane
1119 1746 1337 1787 civitatem
1374 1761 1402 1786 a
1446 1747 1566 1803 Rege
1599 1748 1702 1790 Mzffi

319 1822 429 1848 rano
463 1807 718 1860 conditam,
754 1807 962 1849 llloeram
995 1804 1172 1846 nomine
1189 1811 1398 1846 vocatam
1419 1807 1590 1856 ferunt.
1613 1806 1704 1848 Sed

321 1869 517 1907 Graecos
541 1867 731 1922 primum
763 1881 862 1908 eam
893 1865 1160 1915 incoluisse,
1201 1877 1315 1920 quae
1345 1863 1399 1903 ab
1434 1864 1613 1904 nucibus
1633 1864 1699 1905 A·

320 1924 503 1966 bellanis
535 1926 687 1966 Abella
734 1939 894 1966 nomen
928 1922 1174 1977 acceperit:
1237 1920 1316 1960 alii
1361 1919 1481 1976 quod
1526 1921 1698 1963 imbelle

320 1983 500 2036 vulgus,
537 1993 578 2025 et
613 1983 797 2026 otiosum
831 1983 890 2024 ibi
907 1983 1079 2034 fuerit,
1131 1978 1229 2020 ideo
1267 1978 1466 2018 Abellam
1504 1979 1699 2033 appella·

321 2048 422 2081 tam.
455 2042 592 2083 Huius
624 2043 739 2084 cives
777 2052 874 2083 cum
913 2041 1009 2082 loca
1037 2038 1153 2080 cirea
1189 2035 1386 2091 Capuam
1397 2036 1692 2092 possiderent,

320 2107 411 2139 orto
445 2102 622 2142 tumultu
649 2101 860 2144 interiisse
876 2130 891 2151 ,
928 2099 1126 2154 aliosque
1130 2095 1357 2152 fugientes
1377 2115 1400 2147 ,Δ
1423 2094 1692 2137 Moeranum

321 2157 491 2200 abiisse.
524 2161 689 2202 Praeter
727 2167 912 2204 auctores
948 2156 1096 2199 Graios
1115 2186 1128 2206 ‚
1173 2152 1422 2211 Latinosque
1446 2183 1458 2203 ,
1483 2152 1552 2210 qui
1581 2152 1689 2195 hanc

321 2215 528 2259 Graecam
561 2218 683 2260 fuisse
713 2216 937 2261 memoriae
969 2211 1183 2272 prodidere
1201 2247 1216 2268 ‚
1249 2227 1345 2256 vasa
1364 2243 1375 2265 ‚
1402 2212 1652 2254 numismata
1673 2243 1685 2262 ,

321 2273 476 2331 lapides
497 2307 509 2326 ‚
546 2285 728 2329 statuae,
761 2276 919 2333 aliaque
947 2274 988 2316 id
1016 2288 1146 2332 genus
1178 2270 1394 2315 eruderata
1426 2270 1556 2328 magis
1594 2284 1682 2313 ean·

316 2329 407 2375 dem
439 2333 645 2379 Graecam
671 2336 774 2380 olim
806 2335 927 2378 fuisse
957 2333 1104 2378 urbem
1136 2339 1351 2378 testantur.
