1920 2579
367 145 450 186 206

362 203 430 241 vel
460 201 510 242 ab
544 201 633 256 ipso
668 207 949 248 restauratus,
997 199 1116 242 cuius
1154 199 1389 244 adhucdum
1439 203 1615 246 existunt
1661 220 1729 246 ru-

361 256 488 314 dera,
520 258 717 316 cuiusque
752 259 1005 299 mentionem
1041 259 1140 302 facit
1175 258 1285 301 idem
1316 261 1466 304 Statius
1498 261 1679 305 ibidem:

495 367 741 410 Vulturnus
779 368 1028 420 levatam,
1066 370 1347 424 maximoque

491 426 635 467 Pontis
668 427 874 467 Caesarei
902 429 1079 469 reclinis
1113 443 1219 469 arcu
1238 460 1248 479 ‚

487 483 658 526 Paridis
698 486 801 526 talia
825 486 1036 537 faucibus
1067 486 1292 529 redundat.

483 590 639 634 Ibidem
670 591 747 634 fuit
777 594 1033 635 Vulturnum
1061 593 1229 651 opidum
1249 625 1261 644 ,
1295 595 1342 636 de
1375 610 1456 651 quo
1493 596 1629 653 plures
1652 615 1734 641 me-

365 661 553 694 morant:
599 666 708 693 nunc
742 653 941 709 temporis
982 654 1098 696 locus
1133 652 1202 696 hic
1239 653 1424 695 innuitur
1454 657 1543 695 alla
1573 654 1730 707 Civita,

369 721 411 751 et
456 709 671 752 Castell’a
705 710 837 751 ,Mare
883 711 926 751 di
973 711 1205 752 Volturno.
1264 711 1412 754 Cicero
1461 713 1584 754 etiam
1635 715 1736 757 facit

363 770 617 812 mentionem
655 767 723 809 lib.
756 769 855 810 XV.
892 768 1009 827 epist.
1048 771 1147 824 23.,
1195 778 1235 812 et
1283 771 1484 815 Antonini
1533 770 1732 829 Odepori=

369 843 467 870 cum
504 827 586 871 hoc
620 825 774 869 modo:

688 918 1001 963 SINUESSAM
1034 921 1077 961 M
1110 952 1120 962 .
1153 923 1184 962 P
1218 952 1227 963 .
1260 923 1405 964 XLItl.

708 977 1010 1022 LITERNUM
1041 981 1099 1021 M.
1131 981 1162 1020 P
1197 1011 1206 1020 .
1244 981 1399 1023 XXiV.

710 1037 1020 1080 PUTEOLOS
1056 1041 1101 1079 M
1134 1069 1142 1078 .
1179 1039 1210 1079 P
1243 1071 1252 1082 .
1301 1036 1359 1081 ΙΙΙ
1392 1071 1401 1080 .

726 1095 1025 1138 NEAPOLIM
1057 1099 1102 1138 M
1139 1128 1149 1140 .
1192 1099 1224 1140 Ρ
1259 1128 1268 1138 .
1308 1098 1351 1138 Χ
1386 1130 1395 1139 .

492 1188 558 1231 Ad
595 1189 645 1230 ΙΙ.
681 1187 863 1246 lapidem
893 1186 1067 1231 huiusce
1094 1189 1184 1232 viae
1214 1188 1424 1231 Pratillius
1467 1190 1534 1232 lib.
1569 1191 1618 1232 II.
1653 1206 1686 1232 c.
1719 1205 1744 1244 7

375 1248 517 1291 villam
551 1248 668 1304 ponit
703 1247 873 1290 nomine
900 1246 1146 1301 Petrinum,
1180 1246 1299 1289 cuius
1323 1248 1511 1289 meminit
1542 1250 1739 1290 Horatius

377 1307 446 1348 lib.
481 1306 512 1346 I·
546 1321 608 1362 ep.
645 1307 682 1346 5.
715 1309 776 1347 Ex
803 1313 966 1348 vetusto
999 1319 1207 1346 marmore
1240 1314 1447 1361 prostante
1498 1306 1608 1362 apud
1666 1308 1740 1348 Vi·

375 1379 472 1407 cum
523 1365 753 1406 Pantanum
786 1362 1010 1419 accipimus
1036 1394 1049 1413 ,
1084 1363 1341 1405 Antoninum
1376 1365 1496 1405 Pium
1527 1366 1746 1422 Imperato-

374 1438 462 1464 rem
497 1420 667 1464 eandem
700 1432 949 1464 restaurasse
980 1422 1101 1465 viam.
1133 1423 1338 1464 Pratillius
1360 1423 1452 1465 loco
1488 1424 1613 1466 citato
1632 1423 1742 1465 idem

370 1480 591 1523 arbitratur
622 1478 673 1523 ad
704 1480 960 1538 Campanam
993 1481 1240 1536 pertinuisse
1271 1481 1381 1525 viam
1406 1513 1418 1532 ,
1456 1497 1579 1541 quam
1619 1483 1743 1524 etiam.

377 1540 606 1597 Imperator
636 1539 709 1582 ille
741 1539 858 1583 silice
890 1539 1093 1589 munivit-5,

990 1632 1132 1675 XVII.

706 1723 807 1766 IMP
836 1755 846 1765 .
884 1726 1024 1767 CAES
1057 1757 1065 1766 .
1097 1726 1433 1771 ANTONINUS

599 1782 1296 1828 PIUS.AUG.COS.III.
1337 1787 1520 1828 P.P.

872 1842 1040 1884 REFIC
1074 1874 1083 1882 .
1118 1844 1235 1887 CUR
1266 1875 1273 1883 .

493 1937 610 1980 Haec
650 1936 717 1980 via
748 1950 822 1992 per
852 1935 1053 1978 XXXIII.
1103 1937 1160 1980 M.
1196 1940 1239 1992 P.
1274 1938 1323 1980 ab
1370 1938 1504 1996 Appia
1560 1955 1602 1981 se
1647 1938 1750 1981 divi-

386 1996 516 2046 dens,
556 2005 604 2039 ut
639 1993 814 2037 diximus
835 2025 847 2045 ‚
880 1995 1202 2050 extendebatur,
1236 2013 1382 2055 parum
1417 1996 1569 2039 distans
1600 1998 1751 2038 aMas-

381 2056 470 2097 sico
503 2063 676 2108 monte,
728 2053 798 2095 ubi
835 2069 943 2095 nunc
974 2052 1182 2096 dictitatur
1235 2058 1280 2096 la
1332 2056 1483 2097 Rocca
1530 2056 1577 2096 di
1623 2056 1747 2096 fison,

386 2123 602 2171 tragone:
638 2113 737 2155 hinc
770 2112 905 2170 Appia
937 2128 1084 2169 parum
1128 2113 1348 2157 deflectens
1380 2113 1429 2155 ad
1477 2114 1632 2156 laevam
1684 2129 1755 2168 per

383 2173 648 2223 Casilinum,
690 2180 731 2214 et
761 2180 903 2227 postea
936 2172 1121 2229 Capuam
1171 2173 1267 2215 ibat.
1317 2174 1354 2214 A
1392 2171 1569 2215 Massico
1617 2182 1754 2213 monte

385 2228 454 2272 via
501 2230 659 2274 isthaec
716 2229 957 2272 Domitiana
1002 2232 1166 2274 initium
1212 2231 1423 2274 sumebat:
1462 2230 1560 2275 hinc
1608 2231 1752 2273 merito

383 2288 537 2331 Statius
569 2290 680 2333 canit
716 2289 813 2331 loco
844 2288 1001 2332 citato:

498 2362 602 2407 Illic
635 2363 786 2421 Appia
816 2379 865 2406 se
898 2364 1017 2407 dolet
1051 2365 1247 2423 relinqui.
