1920 2579
565 165 1071 210 ΔΙΑΤΡΙΒΗΙΙ.
1420 111 1499 152 135

188 297 627 332 PHYsmo-fflSToRIcA
649 298 710 330 DE
731 295 854 330 LOCIS
877 295 1004 329 CIRCA
1026 293 1180 328 LACUM
1201 293 1416 327 ANIANUM.

125 549 271 650 Fuit
301 606 466 663 quidem
500 605 632 661 magni
665 618 823 660 semper
853 602 1042 644 habitum
1075 616 1211 643 rerum
1235 600 1499 657 antiquarum

127 664 307 719 studium
329 697 344 715 ,
381 676 419 706 et
441 664 677 721 praesertim
708 662 809 704 illud
842 660 955 718 quod
986 660 1036 702 ad
1069 660 1214 715 patrias
1247 669 1398 717 spectat
1430 674 1496 701 an·

128 724 364 778 tiquitates,
407 738 487 765 non
524 725 656 765 solum
687 721 739 762 ab
781 720 892 762 Italis
937 718 1106 769 eruditis
1153 719 1299 769 Viris,
1352 731 1498 761 verum

123 783 243 821 etiam
277 783 431 825 exteris.
465 781 572 823 Hinc
605 780 756 822 mirum
790 778 901 820 haud
933 788 1006 828 est,
1037 779 1069 819 si
1102 777 1348 819 clarissimos
1381 784 1500 833 saepe

122 839 309 881 homines
339 840 619 897 adspectamus
652 855 698 881 ex
730 839 878 880 dissitis
910 841 1099 892 Europae
1131 834 1314 893 partibus
1347 835 1387 875 in
1422 834 1498 878 Ita-

122 898 217 937 liam
249 897 544 952 adventantes,
579 913 663 956 quo
696 914 758 939 res
787 898 973 953 antiquas
1003 894 1137 936 adhuc
1182 895 1394 935 existentes
1434 894 1496 934 in-

121 955 264 997 visant.
299 957 513 1015 Quidquid
545 957 585 999 id
617 957 672 998 rei
705 967 795 1006 est,
828 956 867 996 in
902 953 1077 996 dubium
1109 950 1351 994 vertendum
1386 952 1497 993 haud

122 1013 330 1066 arbitror,
350 1015 448 1070 quin
483 1031 615 1058 rerum
651 1024 899 1056 vetustarum
917 1013 983 1054 hic
1015 1024 1132 1053 amor
1148 1011 1334 1052 omnium
1355 1024 1497 1052 amoe-

118 1072 309 1114 nissimus
339 1074 390 1115 sit
422 1072 726 1122 existimandus,
745 1087 840 1113 cum
874 1071 974 1112 nihil
1006 1071 1057 1111 sit
1077 1068 1320 1125 praeclarius
1341 1068 1501 1108 homini

124 1129 330 1172 literarum
364 1133 571 1185 studioso,
605 1146 726 1189 quarn
760 1131 970 1172 Romanae
1015 1126 1261 1184 reipublicae
1312 1135 1498 1183 tempora

121 1189 174 1229 ob
205 1189 345 1231 oculos
376 1191 452 1232 sibi
482 1191 670 1232 obiicere.

237 1247 349 1290 ltalia
381 1261 526 1291 cuncta
559 1247 723 1291 vetustis
754 1260 1059 1305 quaquaversus
1089 1254 1214 1287 scatet
1247 1241 1465 1285 ruderibus
1484 1256 1498 1283 ε’

122 1316 162 1346 at
193 1321 299 1348 unus
327 1308 452 1364 ipsius
482 1308 652 1364 angulus
684 1306 906 1360 Campania
954 1304 1104 1346 scilicet
1145 1303 1322 1361 pretiosa
1369 1312 1500 1343 servat

120 1379 256 1406 rerum
294 1377 547 1409 vetustarum
583 1376 859 1407 monumenta.
894 1365 1005 1405 Inter
1046 1361 1123 1403 alia·
1177 1361 1360 1404 eiusdem
1402 1359 1492 1402 loca

120 1422 368 1465 Puteolanus
400 1439 492 1480 ager
529 1424 707 1465 infinitas
753 1422 935 1464 continet
984 1421 1257 1477 antiquitates.
1306 1418 1394 1461 Nos
1443 1418 1494 1459 de

118 1480 227 1521 hisce
255 1481 308 1522 ad
340 1483 467 1524 ravim
502 1498 629 1540 usque
659 1482 700 1522 in
732 1492 881 1537 quarto
914 1480 1092 1522 diximus
1125 1477 1230 1521 libro
1251 1510 1269 1530 ,
1325 1475 1399 1518 ubi
1444 1475 1495 1517 de

119 1539 311 1581 omnibus
341 1556 568 1583 sermonem
602 1540 878 1592 instituimus;
911 1539 1128 1597 physicum
1161 1538 1203 1578 in
1233 1550 1379 1592 genere
1411 1534 1490 1575 hu-

117 1596 225 1637 iusce
255 1599 390 1653 anguli
422 1609 570 1641 statum
602 1598 840 1651 innuimu33
875 1599 962 1639 heic
997 1611 1092 1641 vero
1140 1596 1318 1652 pretium
1350 1607 1498 1650 operae

117 1653 332 1709 ducimus,
363 1667 402 1698 et
434 1668 667 1714 pergratum
699 1655 840 1698 lectori
888 1655 1079 1710 erudito,
1129 1656 1233 1696 cirea
1284 1651 1498 1696 Anianum

110 1712 247 1756 lacum
281 1716 515 1772 praesertim
555 1717 643 1759 loca
679 1715 844 1774 physice
875 1714 1114 1757 describere.

232 1773 365 1816 Lacus
398 1773 462 1816 hic
492 1775 672 1831 adsurgit
702 1775 747 1815 in
774 1775 936 1830 patulae
965 1773 1082 1816 vallis<
1131 1771 1298 1821 medio;
1351 1770 1570 1826 pluresncus
1589 1782 1713 1812 Aniamn,

115 1842 301 1883 montes,
335 1846 458 1891 atque
491 1835 610 1876 colles
658 1832 931 1889 anphitheatri
980 1834 1106 1874 instar
1159 1831 1316 1872 circum
1366 1829 1484 1872 illum

116 1902 312 1932 coronam
346 1890 472 1934 veluti
500 1892 698 1935 efficiunt.
731 1890 948 1948 Squalidus
996 1901 1035 1931 et
1065 1889 1298 1945 graveoiens
1330 1898 1389 1929 est
1417 1886 1486 1929 ad-

115 1959 274 2001 spectus
306 1951 517 2004 eiusdem,
555 1963 594 1994 et
624 1950 812 2009 pestilens
842 1950 1067 2001 habitatio,
1090 1949 1145 1989 ita
1178 1957 1223 1988 ut
1255 1947 1488 1988 vicinorum

112 2020 307 2059 pagorum
339 2009 453 2052 haud
487 2021 621 2053 tutum
655 2010 706 2053 sit
738 2009 1005 2052 domicilium.
1021 2006 1218 2051 Eiusdem
1239 2015 1369 2046 crater
1391 2003 1495 2046 nihil

114 2064 224 2105 aliud
257 2073 558 2124 repraesentat,
589 2084 714 2126 quam
763 2069 972 2124 ignovomi
1004 2066 1154 2109 montis
1195 2080 1238 2106 os
1259 2096 1271 2118 ‚
1323 2078 1368 2104 ex
1408 2077 1493 2121 quo

116 2121 210 2163 olim
246 2136 450 2168 eructatae
486 2128 652 2170 fuerunt
684 2129 902 2181 materiae,
937 2139 981 2169 ut
1012 2126 1146 2167 adhuc
1185 2123 1323 2165 videre
1357 2132 1415 2163 est
1447 2121 1491 2163 in

114 2182 352 2240 propinquis
384 2186 490 2227 illius
525 2186 636 2228 locis.
669 2188 734 2228 Cl.
767 2188 957 2240 Ancora,
1010 2184 1148 2228 Guida
1179 2181 1221 2224 di
1261 2180 1453 2224 Pozzuoli
1477 2211 1490 2233 ‚

112 2251 205 2296 pag·
242 2246 293 2284 26
325 2243 420 2288 edit.
453 2245 620 2304 Neapol.
658 2260 765 2303 1792
799 2246 1004 2290 evidenter
1024 2242 1358 2303 probat,lacum
1377 2239 1496 2282 hunc·
