1920 2579
1445 135 1527 184 273

159 203 254 244 nem
284 188 496 230 instituens
526 188 630 229 hanc
665 188 837 243 appellat
868 187 974 230 diem
1007 189 1189 232 ’γενέθλιον
1215 191 1335 239 ἥμερον]
1353 218 1369 239 ,
1423 187 1525 229 idest

162 248 276 288 diem
306 246 548 288 Passionis.
586 246 627 287 S.
658 247 916 300 Augustinus
954 246 1081 286 Serm.
1121 245 1169 284 Χ.
1197 241 1246 282 de
1281 245 1434 286 Sanctis
1469 247 1523 287 ita

159 304 264 345 hanc
297 305 465 359 explieat
495 319 632 344 vocem
658 319 667 344 :
708 303 847 360 Digne
881 303 1089 344 Natalem
1123 302 1302 342 istorum
1323 304 1520 357 colimus,

163 376 272 418 quos
303 363 465 403 beatius
503 371 701 402 aeternae
732 363 839 402 vitae
858 361 1042 401 numidas
1060 358 1192 400 edidit
1214 390 1225 409 ,
1258 374 1388 416 quam
1406 374 1524 402 mun·

164 418 221 459 do
255 428 543 460 maternorum
576 420 794 460 viscerum
826 428 979 473 partus
1008 415 1169 473 effudit.
1209 419 1407 460 Eusebius
1424 419 1521 461 Gal-

160 474 313 516 licanus
344 477 496 517 Homil.
531 477 579 518 L.
618 476 670 518 de
701 479 741 518 S.
777 476 952 517 Genesio
981 475 1037 517 sic
1069 476 1190 515 etiam
1212 478 1380 530 explicat
1400 494 1409 518 t
1429 477 1526 520 Na-

164 535 275 575 tales
309 548 513 576 vocamus
548 535 672 586 dies,
730 534 901 592 quando
951 547 1028 574 eos
1073 532 1284 587 Μανζγνὶἱ
1325 540 1418 577 vita
1436 567 1449 586 ‚
1488 546 1529 577 et

162 593 332 648 gloriae
347 592 472 645 fides
491 624 503 645 ‚
537 593 639 633 dum
667 592 820 649 ingerit
854 597 978 633 morti
997 622 1009 644 7
1047 591 1220 648 genuit,
1253 601 1294 631 et
1337 595 1521 634 aeterni·

165 649 269 698 tati,
300 659 340 691 'et
363 660 570 703 perpetua
599 651 760 708 gaudia
788 651 911 691 brevi
943 650 1093 690 dolore
1117 651 1336 703 parturiit.
1373 653 1428 691 At
1464 654 1523 692 in-

166 708 286 747 terim
317 707 512 763 quidnam
544 722 623 749 vox
652 708 854 752 Natalis?
886 723 957 763 per
987 722 1076 748 eam
1121 706 1222 748 nihil
1269 708 1378 749 aliud
1411 710 1531 764 signi-

167 765 340 816 ficatur,
372 781 494 822 quam
527 766 770 808 Sanctorum
802 766 1031 820 Martyrum
1060 780 1171 806 mors
1190 797 1202 815 ‚
1234 776 1356 822 atque
1379 782 1424 808 eo
1446 783 1532 808 sen-

167 838 214 863 su
247 821 415 863 eandem
446 822 727 865 intellexerunt
759 826 894 865 Patres
924 839 1063 865 omnes
1081 823 1227 865 Graeci
1250 855 1262 874 ‚
1296 825 1529 882 Latinique,

168 895 329 921 necnon
364 895 505 923 omnes
540 883 695 937 antiqui
728 882 958 938 scriptores,
997 882 1065 923 Ad
1115 882 1416 938 exprimendam
1467 899 1531 925 au=

167 941 258 979 tem‘
283 938 525 981 Sanctorum
563 939 854 981 Confessorum
902 950 1077 981 mortem
1123 941 1305 995 adhibita
1350 952 1407 983 est
1453 957 1531 982 vox

167 997 424 1052 Depositio:
461 1008 638 1038 attamen
668 998 845 1039 Natalis
875 998 985 1040 Dies
1014 997 1371 1041 indiscriminatim
1421 1015 1532 1041 usur-

167 1065 259 1109 pata
298 1064 354 1094 est
384 1055 434 1095 ad
467 1056 770 1110 exprimendam
806 1057 1049 1098 Sanctorum
1080 1057 1369 1098 Confessorum
1421 1072 1533 1097 mor-

169 1122 251 1152 tem
270 1133 292 1164 ,⁴
313 1122 352 1151 et
384 1127 525 1153 eorum
577 1113 728 1153 laudes.
779 1113 838 1153 Re
882 1128 977 1154 sane
1022 1130 1113 1155 vera
1146 1114 1335 1170 perplura
1385 1114 1534 1154 adsunt

168 1169 350 1224 exempla
391 1170 440 1210 acl
471 1171 548 1210 hoc
584 1169 868 1225 probandum,
901 1180 939 1210 et
972 1181 1124 1211 vetusta
1160 1170 1394 1226 praesertim
1453 1171 1531 1211 Ka-

165 1227 346 1266 lendaria
379 1228 525 1282 passim
557 1237 741 1276 scatent,
795 1238 838 1267 ut
889 1243 982 1282 prae
1021 1228 1162 1269 ceteris
1210 1229 1532 1284 Neapolitanum

163 1282 457 1335 Kalendarium
485 1300 507 1326 a
539 1284 646 1326 Viris
681 1284 922 1326 clarissimis
965 1286 1209 1338 Mazoehio,
1243 1298 1281 1328 et
1328 1288 1535 1329 Sabatinio

168 1342 447 1384 inlustratum.

282 1401 548 1455 Neapolitana
580 1413 675 1440 vero
702 1398 882 1440 Ecclesia
913 1399 1066 1441 diversa
1087 1399 1319 1444 'celebravit
1352 1403 1449 1444 festa
1493 1404 1536 1443 in

167 1456 347 1498 eiusdem
379 1458 421 1499 S.
474 1457 648 1500 Ianuarii
696 1458 929 1508 honorem,
963 1459 1177 1514 praecipue
1230 1461 1291 1501 sui
1344 1461 1535 1519 Mar-tyrii

167 1516 310 1564 diem,
361 1516 653 1558 Translationis
699 1516 848 1557 festum
878 1532 899 1557 a
939 1517 1149 1559 Marciano
1202 1517 1415 1575 Neapolim
1441 1550 1453 1569 ,
1499 1530 1538 1561 et

167 1573 228 1614 sui
262 1573 478 1615 patrocinii
501 1573 738 1615 memoriam
765 1574 904 1616 XVII.
939 1574 1033 1617 Kal.
1063 1576 1265 1617 Ianuarias
1304 1577 1358 1618 ob
1407 1578 1538 1618 Vesu-

166 1632 326 1672 vianam
357 1631 603 1674 horrendam
633 1633 993 1687 conflagrationem
1023 1634 1119 1674 anni
1150 1635 1429 1676 MDCXXXI.
1450 1635 1536 1676 Nos

168 1689 329 1729 interim
371 1689 609 1746 incipiemus
640 1690 691 1730 ab
728 1691 908 1732 eiusdem
946 1691 1133 1746 Martyrii
1165 1692 1257 1744 die,
1289 1694 1360 1749 qui
1407 1694 1539 1748 signa-

170 1758 237 1787 tur
273 1746 372 1788 XIII
404 1747 496 1789 Kal.
534 1748 748 1789 Octobres.
791 1753 853 1790 De
890 1750 968 1790 hoo
1002 1750 1105 1792 festo
1139 1761 1296 1805 praeter
1343 1751 1534 1808 Neapoli-

168 1816 282 1844 tanae
313 1804 512 1848 Ecclesiae
550 1821 706 1848 morem
729 1838 740 1858 ‚
775 1822 847 1848 nos
878 1808 1071 1849 certiores
1108 1807 1408 1864 faciuntfplura
1441 1810 1542 1849 anti-

171 1875 252 1918 qua
282 1874 574 1915 monumenta,
608 1874 764 1919 praeter
815 1865 968 1907 tabulas
1010 1880 1256 1907 marmoreas
1287 1869 1444 1908 saeculo
1464 1867 1534 1908 XI.

167 1920 372 1974 scalptas,
411 1921 728 1963 vetustissimum
762 1924 965 1966 Ecclesiae·
996 1923 1339 1978 Carthaginiensis
1387 1925 1540 1965 Kalen-

169 1977 331 2018 darium
379 1980 525 2036 quinto
573 1980 731 2022 saeculo
775 1993 994 2023 exaratum.
1047 1981 1106 2023 Cl.
1141 1993 1276 2023 tamen
1306 1983 1542 2024 Mazochius

168 2036 261 2077 Kal.
295 2033 420 2093 Neap.
454 2053 540 2093 pag.
573 2038 656 2090 905
688 2040 728 2080 in
760 2040 869 2081 hisce
904 2040 1050 2081 tabulis
1084 2040 1264 2081 eiusdem
1297 2041 1387 2082 festi
1421 2040 1540 2083 ‘diem

168 2094 246 2134 hoc
276 2093 402 2135 modo
433 2096 637 2151 sculptum
671 2098 790 2140 fuisse
822 2098 1013 2141 adnotat:
1047 2099 1132 2140 Die
1162 2099 1250 2140 XX.
1269 2099 1342 2140 Ss.
1375 2103 1424 2140 N.
1446 2100 1541 2141 SC!

170 2150 369 2193 Ianuarii
407 2152 491 2209 (1).
525 2156 582 2195 Ea
613 2155 773 2197 dierum
805 2157 1036 2199 differentia
1053 2156 1241 2213 explicari
1265 2157 1540 2200 diversimode

202 2240 1539 2261 W-——fl-——um

271 2273 328 2318 (1)
355 2273 486 2311 Omnia
526 2275 563 2311 S.
601 2277 781 2328 Ianuarii,
828 2286 862 2316 et
889 2281 1067 2318 sociorum
1093 2282 1298 2331 Martyrum
1324 2282 1541 2330 Εὐχολογικ

296 2322 340 2364 Τ.
373 2323 441 2366 ΙΙ.
1200 2333 1257 2375 35
