1920 2579
1450 117 1525 168 139

153 180 356 223 montium
403 192 526 234 aquae
576 175 838 232 percolarent·
894 172 1184 226 Pellegrinius,
1231 172 1423 214 Discorso
1471 173 1523 213 II.

153 253 241 295 pag.
275 251 362 293 279
380 237 490 277 hunc
508 237 645 277 asserit
662 233 711 273 ab
729 232 962 274 auctoribus
981 230 1248 273 Nortmannis
1267 230 1522 286 Anglanum

151 298 275 338 fuisse
306 296 589 351 appeliatum,
633 306 756 348 quam
803 306 944 332 vocem
992 289 1228 331 Mazochius
1276 289 1427 330 ibidem
1473 289 1525 330 ab

153 355 289 412 Ango
317 354 488 394 derivat.
519 351 716 392 Eiusdem
751 349 911 390 tandem
942 350 1050 390 lacus
1083 360 1212 389 crater
1247 347 1414 396 miiiiare
1447 347 1523 389 cir-

154 414 255 454 citer
289 426 416 453 unum
447 409 659 455 latitudine
694 408 804 449 haud
838 408 1024 461 excedit,
1057 417 1096 447 et
1129 408 1322 449 circuitus
1358 408 1428 449 111.
1449 408 1522 446 cir-

158 473 271 515 citer.
305 469 540 511 Hodiedum
574 468 664 509 linis
697 465 948 508 maturandis
998 466 1192 517 inservit,
1237 481 1338 521 quae
1388 465 1529 508 vicinis

160 530 406 584 proveniunt
438 528 557 569 locis:
591 542 658 567 aer
688 527 781 568 hinc
813 524 912 566 adeo
945 523 1175 579 graveolens
1209 535 1290 576 est,
1326 535 1369 565 ut
1417 524 1526 565 nulla

159 588 248 629 heic
280 588 330 629 sit
362 586 485 627 sedes.
520 586 664 627 Vicina
695 586 779 626 loca
813 583 1065 638 serpentibus
1095 582 1264 624 infinitis
1295 594 1462 625 scatent.

279 644 346 688 Ad
383 644 570 700 descripti
602 645 708 685 lacus
739 644 866 698 ripam
900 657 946 683 ex
976 652 1106 697 parte,
1130 656 1233 697 quae
1249 640 1516 693 occidentem,
1542 641 1621 669 0³⁰³·
1642 648 1742 676 cunm.

160 716 199 748 et
229 704 544 761 septentrionem
579 704 766 758 respicit,
819 712 857 741 et
885 701 936 740 ad
969 700 1118 741 montis
1171 699 1321 740 radices
1369 700 1522 742 adiacet

156 778 279 820 parva
311 763 470 819 Crypta
503 760 625 802 Canis
646 792 657 811 ‚
691 760 817 814 vulgo
850 761 894 800 la
933 758 1081 800 Grotta
1117 757 1192 798 del
1221 759 1366 809 Cane,
1397 760 1528 803 aititu-

160 823 256 863 dine
285 821 380 862 th.
414 818 561 875 pedes,
595 831 633 860 et
664 817 876 860 latitudine
908 820 967 859 V.
1002 817 1065 858 Sic
1096 815 1174 857 fuit
1194 817 1529 874 dictitata‚quod

159 881 200 921 in
232 881 314 935 ipsa
346 893 495 919 canum
527 877 763 932 praesertim
795 875 902 916 fiunt
936 874 1127 931 pericula.
1175 876 1355 929 Quinam
1409 877 1530 917 huius

157 947 331 990 auctor,
364 935 499 976 nullus
530 936 634 977 iuter
666 946 834 985 veteres,
855 949 926 976 nec
958 936 1062 975 inter
1096 944 1273 975 recentes
1304 935 1415 976 adest
1435 950 1528 976 auc-

163 1007 269 1037 tores
289 1026 301 1045 ‚
332 994 403 1051 qui
437 993 477 1034 id
509 1003 810 1035 commemorat
843 1004 996 1048 praeter
1029 1008 1159 1033 unum
1189 992 1381 1034 Plinium.
1420 997 1527 1035 Ean-

160 1054 254 1097 dem
289 1052 467 1094 creditur
501 1064 727 1093 excavatam
758 1067 780 1091 a
821 1051 958 1091 vicinis
1008 1050 1166 1092 accolis.
1198 1051 1400 1107 Mephitis
1432 1066 1534 1107 quae

160 1111 248 1153 heic
281 1122 475 1167 perpetuo
505 1121 644 1165 regnat
667 1141 680 1159 ,
712 1121 769 1150 est
800 1109 898 1150 adeo
932 1107 1109 1159 visibilis,
1144 1119 1187 1149 ut
1220 1109 1327 1164 nigra
1351 1109 1532 1150 videatur

164 1169 344 1220 nebula,
380 1179 420 1209 et
452 1171 589 1210 fumus
610 1200 620 1220 ‚
652 1168 725 1223 qui
755 1178 884 1208 totam
916 1168 1000 1207 eius
1043 1177 1217 1223 occupat
1263 1167 1532 1223 superficiem„

163 1226 498 1269 Guicciardinius
531 1228 705 1267 Mercur.
740 1228 885 1282 Camp,
918 1239 1004 1281 pag.
1051 1227 1125 1267 188
1161 1225 1216 1266 sic
1262 1225 1430 1266 eandem
1466 1226 1534 1267 de·

165 1285 317 1327 scribit:
338 1284 376 1324 ,4
392 1282 606 1339 pestifero
625 1298 664 1326 et
682 1299 914 1333 venenoso,
935 1299 1060 1341 quem
1080 1293 1194 1324 terra
1211 1284 1379 1336 emittit,
1400 1285 1532 1325 halitu

166 1345 418 1385 exanimari
444 1359 578 1384 canes
593 1344 788 1391 credidit,
808 1352 847 1382 et
863 1343 944 1382 huc
965 1357 1100 1398 usque
1117 1342 1251 1383 credit
1271 1343 1420 1398 vulgus
1438 1358 1446 1382 :
1479 1343 1538 1382 ad

164 1403 377 1456 ior-fficium
396 1401 606 1458 siquidem
621 1406 734 1441 antri
753 1415 800 1440 se
808 1401 1182 1453 prosternentibus,
1194 1401 1403 1440 nubecula
1415 1414 1537 1457 quae-

169 1459 272 1500 dam
294 1469 496 1513 apparet,
521 1458 711 1499 eiusdem
726 1459 880 1508 solum,
903 1472 957 1497 ac
967 1458 1167 1512 planum,
1182 1457 1243 1497 ad
1255 1458 1397 1510 palmi
1412 1458 1537 1498 unius

169 1519 424 1559 altitudinem
461 1532 584 1570 aeque
618 1517 727 1557 omni
748 1529 798 1557 ex
827 1526 942 1570 parie
976 1521 1172 1570 operiens.
1193 1519 1308 1557 Hanc
1344 1532 1394 1557 ex
1434 1518 1537 1559 aliti-

171 1578 248 1615 bus·
269 1606 280 1624 ‚
316 1584 354 1616 et
399 1577 606 1630 vaporibus
631 1605 642 1623 ‚
681 1590 776 1629 quos
821 1576 979 1630 sulphur
1002 1605 1013 1623 ,
1046 1583 1087 1615 et
1131 1577 1318 1625 alumen,
1366 1584 1538 1617 ceter-ave

166 1634 371 1675 mineralia
400 1666 412 1686 ‚
453 1635 589 1688 quibus
618 1635 684 1672 hic
717 1640 870 1673 tractus
903 1634 1081 1674 abundat
1101 1663 1111 1681 ‚
1130 1633 1418 1684 transmittunt,
1445 1650 1536 1674 coa-

164 1695 312 1733 lescere
348 1705 431 1731 non
472 1705 529 1733 est
561 1690 856 1744 ambigendum.
889 1690 1047 1731 Canum
1082 1690 1129 1732 fit
1162 1691 1417 1745 experientia,
1437 1707 1539 1747 quos

168 1750 349 1798 filnicuio
381 1749 642 1789 adhaerentes
675 1751 755 1788 huc
789 1750 1019 1788 immittunt
1050 1749 1239 1799 accolae,
1275 1761 1364 1804 post
1406 1753 1541 1790 minu·

169 1818 257 1848 tum
290 1806 545 1847 semimortui
581 1807 810 1851 eiiciuntur.
846 1808 900 1847 At
933 1808 963 1846 si
996 1806 1046 1848 in.
1075 1807 1251 1848 vicinum
1299 1807 1436 1847 statim
1466 1807 1540 1848 im-

168 1876 406 1921 merguntur
434 1875 620 1918 stagnum
647 1896 661 1914 ,
697 1865 797 1904 vires
828 1864 975 1905 iterum
1009 1874 1259 1919 recuperant.
1314 1865 1427 1908 Idem
1472 1881 1539 1920 pe-

165 1925 337 1964 riculum
376 1922 605 1963 faciendum
647 1932 708 1963 est
741 1937 832 1963 cum
866 1922 1010 1980 quovis
1040 1921 1202 1963 animati
1230 1953 1240 1975 ,
1272 1933 1310 1962 et
1341 1937 1436 1964 cum
1464 1924 1533 1965 ho-

160 2197 336 2247 euiusque
362 2196 526 2232 meminit
544 2196 775 2233 Sebastianus
793 2193 957 2234 Banolus
974 2195 1160 2233 Thermol.
1180 2199 1341 2248 Aragon.
1365 2208 1441 2245 pag.
1469 2195 1539 2233 156

161 2246 314 2282 eandem
340 2246 465 2283 habuit
492 2248 670 2296 originem
696 2246 825 2283 Auiani
853 2250 985 2298 magni,
1012 2247 1100 2284 dum
1129 2259 1242 2297 aquae
1268 2264 1287 2286 a
1318 2246 1443 2288 vicinis
1459 2258 1537 2297 per-

159 2297 316 2334 colantes
343 2298 524 2334 montibus
552 2298 587 2333 in
617 2297 796 2333 Anianum
826 2299 1098 2348 perveniebant.
