1920 2579
382 213 526 263 bitem,
562 220 653 254 utra
685 206 966 267 anteponenda
1000 210 1070 253 sit.
1099 207 1163 252 Ex
1201 209 1278 254 hac
1311 210 1436 254 Tullii
1473 210 1751 269 descriptione

360 269 573 313 ‘villarum
605 268 705 312 satis
743 271 955 326 colligitur
977 301 990 320 ,
1027 284 1150 311 unam
1187 270 1228 311 in
1261 271 1429 312 tumulis
1451 302 1461 322 ‚
1509 271 1747 315 Cumanum

378 342 564 385 nempe,
612 345 685 370 seu
723 329 966 378 montibus,
1002 329 1173 370 alteram
1224 330 1493 370 Puteolanam
1541 330 1587 371 in
1630 331 1752 374 litore

381 385 636 431 sitamsesse.
676 387 731 429 At
769 388 837 429 ubi
876 385 1039 444 proprie
1075 386 1309 442 ponendum
1328 387 1407 431 hoc
1425 388 1643 429 Ciceronis
1666 390 1747 431 Cu-

378 457 589 491 manum?
611 461 694 504 ‚per
729 446 883 501 patrios
915 454 1104 488 auctores
1133 445 1338 487 incertum
1368 447 1541 488 omnino
1572 455 1648 490 est.
1686 450 1748 489 V·

378 517 481 544 num
515 504 646 547 miror
669 535 681 553 ,
713 502 993 546 Grimaldium
1040 505 1398 546 accuratissimum
1446 505 1602 561 patriae
1644 506 1746 547 scri-

376 569 537 616 ptorem
561 594 573 613 ,
611 562 764 604 Annali
793 571 900 605 tom.
933 561 1011 605 VI.
1053 564 1270 618 opinatum
1308 562 1462 613 fuisse,
1496 564 1577 605 hoc
1626 564 1744 606 Cice·

378 619 491 661 ronis
525 619 759 662 Cumanum
797 621 919 662 fuisse
953 618 1244 661 Academiam
1282 618 1445 662 dictam.
1484 623 1576 663 Hoc
1608 621 1745 664 obstat:

377 677 503 718 Plinii
536 678 802 727 auctoritati,
828 693 902 734 per
941 691 1064 734 quam
1100 678 1293 719 certiores
1329 676 1558 729 reddimur,
1590 682 1747 722 Puteo-

375 735 517 776 lanum
557 753 626 779 rus
657 736 780 777 fuisse
807 750 950 793 reapse
986 737 1269 777 Academiam
1307 735 1475 779 dictam.

148 803 368 834 LacasAvernus
488 795 620 853 Prope
657 795 887 836 Lucrinum
919 804 981 835 est
1012 796 1230 844 Avernus,
1269 795 1368 850 lugo
1405 795 1446 835 (l'
1461 794 1658 845 Averno,
1694 807 1735 838 et

365 851 468 908 lago
502 853 551 895 cli
589 853 876 910 Trzfiergola,
910 862 951 894 et
981 853 1110 895 etiam
1147 853 1182 892 il
1217 854 1426 894 Canneto.
1480 855 1518 894 A
1561 854 1740 896 Graecis

339 951 341 955 .
364 907 497 951 dictus
529 913 671 960 A”opvos
691 946 707 967 ,
743 911 792 954 ab
823 914 844 946 οἱ
875 915 957 952 sine
976 942 985 962 ‚
1007 920 1047 952 ct
1082 912 1176 960 ὄρνῑὸ
1194 938 1204 954 ‚
1238 916 1354 960 avis,
1381 911 1477 968 quia
1496 911 1585 953 eius
1607 926 1738 969 aquae

358 967 465 1008 inter
503 967 646 1013 densas
681 971 805 1013 silvas
839 967 940 1011 adeo
978 969 1259 1022 graveolentes
1296 979 1419 1018 sunt,
1461 979 1508 1012 ut
1543 986 1637 1012 aves
1674 986 1740 1012 su-

356 1027 644 1081 pervolitantes
675 1038 861 1071 mortuae
900 1026 1149 1070 deciderent.
1189 1028 1299 1070 Hinc
1315 1026 1364 1068 ad
1385 1026 1540 1069 Inferos
1564 1027 1734 1070 descen-

353 1098 446 1124 sum
480 1101 566 1128 esse
601 1087 837 1129 fabulantur
877 1095 1022 1142 poetae
1047 1117 1062 1136 ,
1104 1086 1173 1143 qui
1222 1086 1347 1128 etiam
1384 1087 1597 1129 Avernum
1651 1101 1735 1141 pro

343 1140 494 1184 *Inferis
537 1159 833 1202 saepenumero
868 1153 1130 1198 usurparunt.
1170 1144 1282 1186 Hinc
1330 1145 1450 1186 locus
1495 1144 1567 1186 VI.
1615 1145 1738 1188 AEnee'.

343 1198 439 1242 <idos
471 1201 732 1260 Virgilianae
763 1203 871 1246 libro
904 1202 1167 1245 occasionem
1185 1202 1372 1258 praebuit
1390 1219 1427 1247 v.
1455 1207 1538 1256 237
1561 1213 1601 1246 et
1619 1218 1732 1261 seqq.

353 1257 425 1300 ubi
457 1260 517 1304 sic
548 1261 783 1320 emphatice
822 1259 1004 1304 cecinit:

403 1377 606 1433 Spelunca
644 1380 731 1422 alta
749 1379 841 1430 fuit
862 1409 875 1428 ‚
905 1388 1094 1433 vastoque
1126 1379 1306 1420 immanis
1338 1381 1454 1420 hiatu
1475 1409 1492 1427 ,

401 1436 618 1494 Scrupea,
649 1447 738 1480 tuta
773 1438 866 1479 lacu
903 1443 1021 1491 nigro
1044 1467 1058 1486 ,
1092 1452 1374 1492 nemorumque
1409 1437 1578 1479 tenebris
1599 1467 1612 1486 ,

399 1498 534 1549 Quam
568 1512 686 1553 super
721 1497 829 1538 haud
865 1497 974 1537 ullae
1003 1503 1197 1551 poterant
1229 1499 1391 1551 impune
1425 1498 1596 1538 volantes

403 1553 587 1596 Tendere
618 1561 694 1597 iter
709 1554 877 1611 pennis:
920 1555 1012 1597 talis
1040 1570 1122 1595 sese
1159 1556 1306 1595 halitus
1348 1560 1453 1595 atris
1470 1586 1481 1606 ‚

399 1609 607 1654 Faucibus
641 1615 845 1671 effundens
863 1644 875 1665 ‚
904 1628 1046 1668 supera
1071 1613 1123 1652 ad
1152 1625 1324 1652 convexa
1345 1613 1531 1666 ferebat.-

400 1668 455 1712 V
448 1673 525 1712 nde
556 1673 687 1714 locum
721 1669 844 1712 Graii
883 1673 1066 1712 dixerunt
1103 1674 1261 1711 nomine
1297 1673 1502 1712 Avernum.

466 1758 468 1760 ·
513 1751 562 1771 Ι··.

450 1785 691 1842 Hodiedum
716 1789 830 1830 lacus
866 1787 938 1829 hic
975 1787 1249 1844 Tripergulae
1283 1786 1518 1845 appellatur
1538 1816 1550 1835 ,
1600 1785 1716 1844 quip⁴

335 1859 389 1902 pe
429 1845 542 1901 quod
563 1846 708 1904 'prope
733 1845 847 1888 hunc
880 1847 1021 1887 locum
1067 1845 1145 1887 fuit
1179 1845 1250 1888 ille
1291 1847 1408 1890 vicus
1444 1846 1718 1902 Tripergula-

338 1919 463 1958 rum,
504 1906 574 1962 qui
608 1919 718 1947 anno
757 1903 1087 1947 MDXXXVIII.
1123 1905 1327 1955 obrutus,
1377 1920 1424 1948 ac
1480 1904 1717 1946 submersus

334 1961 414 2003 fuit
448 1978 471 2003 a
505 1963 617 2006 Novi
651 1963 806 2006 Montis
838 1963 1055 2019 eruptione
1093 1973 1186 2005 ante
1221 1973 1399 2007 narrata.
1444 1965 1633 2006 Avernus
1660 1961 1715 2002 la-

329 2034 402 2061 cus
441 2036 550 2062 nunc
582 2021 692 2063 haud
727 2020 986 2066 horrendum
1015 2031 1165 2075 sonat,
1199 2032 1245 2064 ut
1266 2023 1366 2064 olim
1390 2021 1498 2079 apud
1521 2019 1714 2076 antiquos

336 2077 439 2119 fuit:
474 2094 573 2121 nam
615 2080 658 2122 in
686 2080 1012 2138 praesentiarum
1047 2079 1230 2137 piscibus
1275 2081 1489 2130 abundat,
1529 2088 1570 2121 et
1623 2093 1716 2120 aves

331 2138 575 2192 praesertim
613 2137 833 2181 dulcisono
864 2154 1001 2182 aerem
1029 2148 1230 2183 concentu
1265 2139 1566 2189 modulantur3
1620 2137 1714 2178 loca
1742 2163 1745 2164 ν

328 2209 426 2237 vero
461 2210 591 2252 prope
619 2198 760 2241 laeum
790 2207 886 2239 sunt
920 2212 1105 2249 amoena,
1143 2208 1182 2240 et
1208 2198 1407 2240 fructibus
1438 2197 1597 2238 vicinae
1635 2195 1713 2237 vil-

327 2253 391 2295 lae
414 2285 427 2303 ,
462 2255 670 2312 collesque
702 2255 854 2298 vitibus
888 2256 1110 2300 abundant.
1154 2254 1340 2298 Tandem
1371 2257 1422 2296 de
1453 2257 1621 2296 Averno
1652 2254 1711 2294 iu-

337 2321 406 2359 vat
441 2321 648 2365 attexere,
683 2314 914 2362 hune,n0n
953 2316 1089 2375 solum
1124 2316 1173 2360 ab
1196 2314 1389 2366 ethnicis,
1420 2329 1565 2359 verum
1585 2312 1709 2356 etiam
