1920 2579
1444 157 1522 184 221

160 201 393 244 dimidiatae
424 196 593 256 magnae
622 205 773 239 restant
812 195 1026 238 columnae
1078 194 1219 239 ordine
1273 196 1520 252 Corinthio,

165 262 351 316 duaeque
381 261 491 303 bases
522 257 573 298 ad
604 255 697 296 alias
729 255 1008 296 sustentandas
1039 257 1262 299 columnas.

216 345 224 348 -
277 320 340 362 Ex
374 319 509 360 Diario
546 316 713 370 insuper
742 313 829 355 MS.
852 311 1006 355 Rerum
1025 314 1264 357 notabilium
1286 317 1447 358 Domus
1485 317 1525 358 S.

165 378 276 418 Pauli
301 378 347 418 R.
371 379 413 418 P.
446 373 614 416 Antonii
646 372 696 413 de
713 370 881 428 Angelis
900 402 911 421 ,
935 373 1049 427 quod
1070 383 1251 414 servatur
1269 374 1309 414 in
1330 374 1528 416 Archivio

167 436 342 476 eiusdem
352 438 509 476 Domus
520 431 740 472 Theatinae
757 432 794 473 S.
808 430 1239 478 Panli‚confirmamur
1254 433 1303 473 de
1323 433 1528 474 horrendo

168 504 280 534 motu
305 506 442 544 terrae,
476 490 544 547 qui
565 489 709 530 accidit
725 504 829 530 anno
853 488 1257 531 MDCLXXXVIII.
1275 493 1530 532 Pentecostes

167 551 295 605 vigilia
328 551 424 591 hora
456 548 534 590 diei
564 547 678 590 XXI.
712 562 793 604 quo
825 557 1007 604 tempore
1057 558 1152 589 sunt
1201 550 1412 604 conlapsae
1460 564 1528 591 co-

166 607 327 648 lumnae
348 618 564 664 quatuor,
598 618 636 648 et
668 605 923 663 epistylium,
956 605 1068 662 quod
1103 606 1300 647 Graecam
1333 617 1531 648 sustenta-

164 664 231 705 bat
265 668 567 722 inscriptionem
599 676 689 706 ante
722 666 927 706 recitatam
953 695 965 714 ‚
997 665 1178 720 aliaeque
1226 666 1398 706 intactae
1445 664 1532 707 fue-

170 735 280 766 runt.
315 725 472 765 Citatus
504 734 645 765 auctor
679 733 846 772 narrat,
880 723 990 763 hunc
1024 733 1321 765 terraemotum
1343 722 1445 766 adeo
1464 739 1532 764 ve·

168 782 399 822 hementem
432 781 580 833 fuisse,
615 791 660 821 ut
691 783 805 836 plura
840 780 951 821 urbis
981 779 1161 822 aedificia
1192 782 1437 824 corruerint.
1473 782 1533 823 Ea

169 854 265 881 vero
297 840 445 880 civium
482 854 604 896 pars,
642 855 744 895 quae
775 853 888 879 secus
919 848 1004 879 erat
1034 839 1155 891 viam,
1176 840 1217 881 in
1238 840 1374 896 ipsum
1387 840 1537 882 atrium

171 899 224 936 D.
259 898 372 938 Pauli
405 898 607 939 Ecclesiae
639 897 831 951 aufugit,
869 896 938 936 ubi
972 896 1167 947 Castoris,
1186 909 1224 939 et
1244 898 1423 940 Pollucis
1438 908 1539 940 tem-

170 955 226 1008 pti
261 955 531 1007 adsurgebant
564 955 776 995 columnae
799 974 809 994 .·
843 954 978 994 XXII.
1013 954 1102 994 heic
1132 955 1317 997 homines
1347 956 1422 999 sub
1456 957 1540 999 rui-

170 1012 233 1052 nis
265 1011 351 1051 fato
388 1014 607 1065 perierunt.
643 1010 829 1052 Eandem
861 1012 918 1051 D.
952 1011 1067 1052 Pauli
1101 1011 1242 1053 aedem
1263 1014 1316 1057 D.
1335 1014 1535 1066 Caietam,

171 1069 244 1123 qui
274 1069 462 1125 pluribus
493 1068 533 1111 id
568 1070 762 1125 temporis
801 1084 921 1125 super
955 1083 1046 1110 aera
1079 1069 1205 1122 visus,
1238 1085 1260 1112 a
1294 1081 1543 1114 terraemotu

170 1128 371 1168 miraculo
404 1139 603 1169 servatam
636 1126 756 1168 tradit
787 1126 895 1168 idem
929 1127 1118 1181 scriptor.
1136 1128 1357 1172 Memoriae
1375 1130 1544 1172 tandem

173 1185 313 1240 prodit
342 1186 693 1242 Chronogrophus
726 1200 834 1227 anno
865 1185 1130 1228 MDCCXtI.
1165 1203 1249 1243 quo
1280 1199 1464 1246 tempore
1493 1189 1542 1233 B.

175 1243 365 1285 Andreas
392 1245 604 1286 Avellinus
637 1244 885 1286 Sanctorum
915 1243 1008 1286 albo
1041 1245 1119 1285 fuit
1150 1246 1378 1305 adscriptus
1401 1279 1413 1299 ,
1445 1246 1545 1290 duas

174 1300 269 1343 alias
300 1302 512 1345 columnas
532 1335 544 1354 ‚
576 1319 750 1360 quarum
786 1304 825 1343 in
858 1303 1175 1359 praesentiarum
1209 1316 1370 1348 tantum
1391 1316 1546 1348 restant

175 1359 286 1402 bases
308 1392 321 1412 ‚
357 1361 478 1403 fuisse
508 1363 685 1403 ablatas:
719 1362 885 1405 ubinam
916 1377 1011 1405 vero
1049 1363 1212 1409 eaedem
1260 1365 1413 1409 fuerint
1460 1364 1544 1406 001.

177 1420 331 1460 locatae
353 1451 366 1470 ,
401 1421 616 1463 incertum.

298 1480 490 1535 Priapum
524 1494 692 1536 quoque
725 1480 896 1521 deorum
929 1480 1328 1538 impudentissimum
1363 1482 1547 1541 Neapoli-

184 1536 266 1575 tani
299 1537 436 1579 studio
469 1538 671 1595 prosecuti
703 1540 827 1580 fuere.
864 1540 973 1580 Huic
1005 1539 1146 1580 aedem
1167 1539 1352 1583 dicarunt
1376 1544 1546 1584 maiores

184 1595 313 1635 nostri
345 1605 477 1652 prope
510 1597 707 1652 Cryptam
744 1598 1053 1655 Pausilypanam
1075 1629 1086 1648 ‚
1120 1609 1165 1638 ut
1185 1600 1383 1641 'scribunt
1415 1603 1549 1657 plures

183 1653 302 1708 patrii
336 1666 519 1696 auctores
555 1656 636 1712 (1).
671 1653 714 1695 In
749 1670 798 1696 eo
830 1656 936 1696 fama
970 1668 1027 1697 est
1058 1656 1303 1699 sacrificasse
1353 1659 1551 1701 foeminas

182 1719 386 1752 noctu'rno
419 1723 600 1768 tempore
621 1745 632 1765 ‚
667 1725 711 1754 ut
743 1715 870 1769 legere
904 1726 960 1756 est
992 1715 1102 1771 apud
1122 1715 1360 1758 Petronium
1381 1719 1549 1772 Satyric.

185 1784 220 1807 c.
261 1783 322 1823 17.
358 1769 549 1810 Eiusdem
596 1772 818 1812 sacerdotes
868 1773 1128 1829 Ithyphallici
1167 1774 1417 1815 dicebantur.
1470 1776 1550 1815 Hic

186 1825 298 1867 Deus
329 1828 543 1869 hortorum
575 1828 745 1870 tutelare
778 1828 855 1869 fuit
886 1845 1037 1870 numen
1061 1861 1073 1879 ,
1106 1841 1241 1871 ut-est
1272 1833 1382 1886 apud
1421 1833 1551 1886 Virgi-

185 1882 286 1924 lium
322 1884 477 1939 Georg.
509 1886 584 1927 IV.
617 1902 653 1927 v.
689 1894 771 1936 410
806 1896 845 1926 et
875 1886 1084 1928 Catullum
1116 1887 1183 1928 lib.
1220 1889 1269 1929 Il.
1305 1891 1440 1946 Epigr.
1478 1904 1547 1932 20.

299 1941 425 1984 Aliud
456 1945 620 1986 tandem
654 1943 853 2000 templum
885 1955 941 1984 est
990 1945 1092 1987 illud
1136 1946 1250 2002 quod
1296 1948 1553 2004 Neapolitani
1591 1960 1735 1990 Antinous,

286 2150 342 2197 (1)
370 2151 425 2187 Cl.
457 2151 705 2196 Grimaldius,
735 2152 869 2188 Annali
899 2152 955 2187 del
984 2154 1109 2201 Regno
1138 2152 1173 2188 di
1201 2154 1357 2203 Napoli‚
1388 2169 1489 2205 epoc.
1523 2157 1551 2195 l.

190 2212 276 2237 toni.
307 2201 370 2238 Vl.
401 2217 482 2254 pag.
513 2202 583 2249 243
611 2213 646 2238 et
672 2216 768 2252 seqq.
796 2202 862 2238 hoc
889 2202 1012 2253 Priapi
1043 2203 1214 2252 templum
1240 2233 1249 2249 ‚
1282 2215 1316 2240 et
1356 2207 1553 2249 Quartillae
1590 2237 1592 2241 .

189 2253 361 2301 Cryptam
391 2252 460 2289 alio
490 2256 524 2289 in
554 2252 653 2288 urbis
680 2252 758 2288 loco
787 2252 995 2301 ponendam
1017 2260 1207 2299 autumat,
1229 2255 1263 2290 in
1289 2257 1437 2305 regione
1459 2270 1558 2294 nem-

191 2316 234 2352 pe
261 2302 496 2354 Furcillensi,
525 2304 582 2343 vel
609 2303 646 2340 in
674 2316 714 2341 ea
743 2303 944 2359 vicinitate.¹
