1920 2579
311 141 363 182 28

314 198 548 255 praesertim
587 195 778 253 gradibus
800 227 812 249 ,
844 193 1012 253 aliisque
1044 192 1316 254 rebus,quae
1349 197 1454 240 hane
1486 195 1681 240 fabricans}

314 255 568 311 magnificam
604 255 944 297 condecorabant.
998 255 1132 297 Locus
1172 257 1238 297 hic
1269 259 1378 298 iuxta
1412 258 1581 299 citatum
1616 273 1684 298 au-

314 326 469 355 ctorem
504 315 641 355 adhuc
674 316 716 354 lo
749 312 872 371 *Stajo
906 314 1027 368 vulgo
1060 313 1224 358 dicitur.
1259 316 1466 357 Ciceronis
1502 330 1595 357 vero
1628 317 1682 357 A·

313 373 493 414 cadem-ia
527 372 605 414 alio
639 372 728 413 loco
762 371 946 428 ponenda
980 383 1071 422 est,
1106 383 1142 412 et
1174 388 1319 428 parum
1372 374 1425 415 ab
1470 376 1547 415 hoc
1591 375 1681 415 loco

315 431 451 472 dissita
488 446 635 486 nempe
668 445 796 487 prope
826 445 965 483 mare,
1017 441 1056 471 et
1099 445 1179 471 non
1231 431 1373 487 procul
1418 449 1437 472 a
1471 432 1684 488 Nymphfiv

318 505 409 530 rum
430 521 444 540 ,
481 501 519 529 et
551 489 734 545 Neptuni
771 489 958 545 templis,
1002 498 1046 529 ut
1080 504 1123 529 ex
1160 489 1374 530 ruderibus
1407 489 1542 532 videre
1575 483 1686 538 est·5

318 548 377 588 uti
410 547 553 589 scribit
581 547 726 588 citatus
757 559 915 589 auctor.
1704 580 1707 583 -

436 607 480 647 In
516 607 636 648 Circo
669 606 892 647 Puteolano
924 606 1038 662 plura
1088 606 1315 661 spectacula
1347 606 1519 647 edebant
1547 605 1685 647 cives:

319 666 413 705 hinc
446 676 485 705 et
518 665 615 705 festa
649 664 849 721 quaedam
882 664 957 704 sub
980 665 1170 705 Pialium
1209 665 1376 704 nomine
1397 663 1593 705 Antonini
1627 664 1686 704 Pii

317 724 357 762 in
392 724 590 764 honorem
623 722 776 763 fiebant
807 722 1056 776 quotannis,
1102 737 1205 776 quae
1236 721 1343 762 idem
1380 722 1606 777 Imperator
1641 721 1683 759 in

321 780 517 821 Hadriani
551 782 675 835 patris
707 780 903 820 honorem
938 780 1180 820 instituerat.
1236 779 1347 820 Haec
1387 780 1508 834 igitur
1542 779 1640 820 festa
1678 809 1689 828 ‚

322 839 382 879 vel
416 839 635 879 certamina
665 837 849 878 instituta
883 837 1049 879 fuerunt
1096 837 1146 877 ab
1178 838 1391 879 Antonino
1443 838 1691 893 Imperatore

319 898 358 936 in
393 899 465 937 hae
497 896 629 947 urbe,
668 910 793 952 eaque
825 895 1073 937 Graecanico
1104 895 1272 936 salutata
1322 896 1434 937 fuere
1483 893 1686 937 vocabulo·

320 956 527 1001 Ε’νςεβεικ,
563 956 623 995 vel
656 953 909 991 Εἰσελαστικοι.
945 957 1157 1008 Quaenam
1193 968 1236 993 ea
1272 954 1441 1003 fuerint,
1473 952 1591 994 docet
1625 964 1699 990 nos

323 1014 535 1054 Vitruvius
567 1013 636 1053 lib.
670 1012 746 1052 IX.
780 1012 820 1052 iu
856 1027 1037 1066 prooem.
1072 1012 1150 1052 hoe
1184 1011 1343 1053 modo:
1377 1011 1604 1052 Nobilibus
1627 1018 1690 1048 at·

321 1074 444 1113 Izletc's
475 1072 550 1128 qui
581 1071 819 1124 Οζγιηρὶα,
853 1070 1013 1123 Pythia
1035 1101 1046 1121 ‚
1079 1069 1282 1121 Isthmia,
1334 1068 1506 1109 Nemea
1556 1066 1686 1108 vicis-

328 1141 455 1179 sent,
494 1129 767 1170 Graecorum
801 1128 986 1169 maiores
1016 1133 1073 1169 ita
1105 1142 1291 1183 magnos
1322 1128 1508 1167 honores
1539 1122 1694 1167 consti-

327 1197 519 1239 tuerunt,
552 1187 613 1227 uti
641 1200 729 1225 non
761 1185 891 1226 modo
932 1186 975 1226 in
1006 1198 1218 1227 conventu
1249 1193 1412 1226 stantes
1446 1197 1543 1225 cum
1589 1181 1691 1248 pgl-

327 1261 398 1287 ma
414 1277 428 1299 ,
465 1255 506 1286 et
535 1258 701 1285 corona
719 1245 875 1294 ferant
909 1244 1062 1284 laudes
1081 1277 1094 1296 ,
1127 1242 1208 1283 sed
1239 1244 1367 1283 etiam
1405 1257 1505 1284 cum
1537 1253 1690 1282 rever-

330 1314 471 1345 tuntur·
501 1309 544 1344 in
576 1318 679 1343 snas
713 1303 907 1342 civitates
931 1311 1037 1342 *cum
1059 1301 1245 1353 victoria,
1266 1303 1575 1357 triumphantes
1598 1310 1699 1354 qua·

329 1363 465 1420 drigis
501 1363 544 1402 in
579 1361 788 1413 moenia,
823 1368 863 1399 et
894 1360 1122 1415 ιῌατνὶαε
1155 1359 1431 1401 invehantur.
1464 1357 1574 1398 Hinc
1606 1368 1702 1395 eam

329 1422 382 1461 ob
417 1436 500 1460 rem
531 1419 618 1458 ludi
650 1419 714 1458 isti
745 1415 937 1471 appellati
969 1427 1065 1456 sunt
1096 1416 1284 1456 Iselastici
1318 1416 1369 1456 ab
1402 1422 1589 1457 εἰσελευσιε
1608 1444 1619 1464 ,
1641 1411 1700 1451 in-

328 1492 503 1535 gressus
534 1477 576 1516 iu
607 1476 787 1530 aliquam
823 1473 979 1515 urbem.
1012 1477 1077 1515 De
1108 1474 1155 1514 iis
1185 1472 1281 1514 facit
1311 1474 1430 1514 etiam
1451 1472 1709 1518 mentionem

330 1537 484 1579 Plinius
525 1534 593 1576 lib.
627 1534 682 1574 X.
717 1533 833 1587 epist.
874 1533 967 1573 125.
999 1532 1124 1573 Extat
1158 1533 1257 1588 lapis
1290 1529 1468 1571 Puteolis
1514 1527 1713 1583 repertus*

333 1587 441 1650 opud
475 1592 698 1649 Capacium
732 1592 841 1632 Hist.
867 1589 998 1646 Neap.
1032 1589 1101 1631 lib.
1133 1589 1184 1630 ΙΙ.
1217 1587 1286 1630 ubi
1320 1587 1367 1629 fit
1386 1586 1538 1628 mentio
1562 1584 1612 1626 de
1639 1584 1699 1624 hi-

335 1667 398 1693 sce
431 1652 548 1692 ludis.
1610 1678 1613 1681 -

511 1769 597 1805 IMP
628 1795 636 1803 .
667 1765 873 1802 CAESARI
904 1794 910 1802 .
940 1766 1046 1802 DIVI
1078 1793 1085 1802 .
1114 1764 1351 1802 HADRIANI
1380 1793 1390 1801 .
1447 1763 1495 1798 IL

386 1820 491 1856 DIVI
521 1848 531 1865 ,
561 1818 767 1855 TRAIANI
800 1846 806 1853 .
838 1817 1069 1852 PARTHICI
1100 1844 1107 1852 .
1136 1817 1230 1852 NEP
1261 1842 1269 1851 .
1300 1814 1402 1851 Divl
1432 1840 1440 1857 ‚
1490 1810 1667 1846 TERVAE

337 1870 530 1906 PRONEP
555 1895 562 1903 .
585 1869 615 1903 T
639 1895 646 1904 .
667 1867 815 1902 AELIO
838 1893 843 1900 .
865 1867 1120 1904 HADRIANO
1139 1893 1148 1902 .
1169 1865 1432 1902 ANTONINO
1450 1889 1458 1898 .
1475 1861 1579 1899 AUG
1604 1886 1612 1896 .
1629 1857 1710 1896 Pto

360 1921 493 1957 PONT
526 1947 533 1955 .
565 1920 668 1954 MAX
701 1945 707 1952 .
738 1916 854 1952 TRiB
884 1945 890 1952 .
920 1919 1017 1953 POT
1048 1945 1055 1954 .
1089 1917 1119 1949 V
1151 1944 1158 1951 .
1188 1916 1274 1952 IMP
1305 1943 1313 1951 .
1343 1916 1375 1950 ΙΙ
1408 1941 1415 1949 .
1445 1912 1532 1947 COS
1564 1938 1573 1953 ‚
1599 1911 1649 1946 Ill
1681 1935 1688 1943 .

365 1972 393 2005 P
410 1973 456 2006 .P
469 1997 476 2005 .
491 1967 867 2005 CONSTITUTORI
880 1968 1053 2003 .SACRO
1073 1995 1081 2003 .
1100 1964 1402 2003 CERTAMINIS
1420 1959 1693 1997 .SELAST1C1

369 2021 495 2056 SOCII
527 2048 534 2056 .
564 2017 807 2054 LICTORES
839 2044 846 2051 .
876 2018 1165 2053 POPULARES
1197 2042 1205 2050 .
1234 2009 1655 2051 DENUNTIATORES

877 2067 1160 2104 PUTEOLANI
1191 2093 1199 2100 .

345 2180 614 2235 peragebatur
647 2181 765 2221 etiam
800 2178 978 2219 Puteolis
1010 2176 1119 2217 aliud
1153 2184 1353 2217 certamen
1383 2171 1462 2213 sub
1484 2168 1721 2223 Bathysiae

345 2240 508 2282 nomine
538 2239 634 2280 Αγῶν
662 2239 856 2273 Βῡῧῧυσῑκε
879 2262 889 2279 s
928 2236 1160 2289 Bathys-iae
1192 2243 1439 2281 certamen,
1472 2241 1620 2282 nempe
1646 2226 1718 2266 bo-

351 2301 410 2339 vis
444 2299 667 2341 immolatio
690 2330 698 2344 ‚
730 2300 791 2338 vel
822 2294 1083 2339 bovicidium.
1118 2295 1177 2335 De
1209 2293 1286 2334 hoc
1318 2289 1417 2330 ludo
1442 2285 1628 2329 disseruit
1660 2282 1721 2324 Cl.

350 2360 511 2413 ignarra
545 2358 593 2400 de
625 2358 824 2399 Palaestra
858 2356 984 2409 Neap.
