1920 2579
161 188 324 231 Ioniam
353 188 568 241 Augustus
600 182 795 227 deduxit.
826 183 922 225 Iter
949 197 1035 240 uno
1069 183 1208 224 latere
1223 181 1391 237 populo
1411 179 1544 224 debe-

159 258 227 289 tur
251 261 371 303 pass.
404 244 530 286 XXX.
564 244 691 303 Ager
720 245 814 285 eius
845 243 890 283 in
937 244 1159 303 iugeribus
1205 241 1424 283 veteranis
1444 271 1456 293 ,
1505 251 1546 284 et

155 305 331 348 tribunis
366 303 618 360 legionariis
648 313 713 345 est
742 302 1006 361 assignatus.
1039 304 1085 345 In
1121 301 1229 343 hanc
1262 300 1410 342 urbem
1455 300 1540 342 iam

156 365 206 407 ab
237 377 344 406 anno
378 364 427 402 V.
461 360 508 403 C.
540 362 692 404 DLVI.
725 362 1010 405 Romanorum
1042 360 1219 405 Colonia
1251 359 1384 402 fuerat
1415 357 1541 401 dedu-

158 433 255 474 cta,
288 420 358 464 sed
392 420 521 462 instar
551 421 851 480 Neapolitanae
882 420 1061 466 civitatis
1095 421 1180 464 suis
1215 419 1394 476 antiquis
1435 418 1541 476 legi-

158 482 235 524 bus
258 513 271 532 ,
304 490 349 523 ut
380 495 422 522 se
453 489 649 536 regeret,
680 480 873 524 obtinuit.
909 481 1054 524 Livius
1100 480 1175 522 lib.
1224 478 1397 521 XXXII.
1445 492 1481 521 c.
1518 481 1542 519 6

161 539 358 597 quasdam
388 538 587 581 Colonias
617 539 742 584 fuisse
772 539 970 583 deductas
1002 548 1146 582 narrat
1178 538 1220 579 in
1245 552 1340 578 oras
1363 539 1544 594 Campa-

161 599 256 642 niae
288 598 516 640 maritimas
536 629 549 649 ,
583 613 667 656 quo
698 599 874 643 tricenas
905 599 1083 642 familias
1115 599 1160 640 in
1191 597 1376 653 singulas
1416 595 1544 637 Colo-

162 659 249 700 nias
280 657 389 699 mitti
421 656 580 699 iussum
612 668 689 703 est.
721 658 952 702 Triumviri
985 659 1098 702 hisce
1132 654 1383 699 deducendis
1417 655 1542 697 creati

163 717 276 759 fuere
309 719 368 758 M.
403 716 601 760 Servilius
633 717 838 760 Geminus
859 751 873 772 ,
904 721 956 772 Q.
990 717 1194 760 Minutius
1227 714 1435 756 Thermus
1457 749 1472 770 ‚
1505 723 1547 755 et

161 777 210 816 T.
241 774 512 831 Sempronius
545 777 730 833 Longus.
764 779 885 819 Hanc
917 774 1210 819 deductionem
1242 773 1427 815 Velleius
1474 772 1547 814 lib.

169 847 203 875 1.
234 850 271 877 c.
309 841 360 886 14
392 831 505 877 haud
538 844 696 878 certam
728 835 872 879 credit.
907 834 1009 878 Inde
1041 834 1215 892 opidum
1233 831 1435 887 temporis
1448 846 1549 889 —proe

161 907 277 934 cessu
309 907 332 933 a
365 892 564 935 Romanis
616 894 861 951 proceribus
908 905 1081 938 auctum
1114 902 1392 949 ornatumque
1437 889 1549 940 fuit,

160 952 379 1007 ipsumque
406 953 616 1004 pusillam
648 953 838 994 Romam
870 953 1068 1010 appellari
1102 951 1278 1010 placuit,
1310 960 1355 992 ut
1385 950 1550 993 constat

163 1024 185 1050 e
218 1008 360 1049 Tullio
393 1006 442 1048 ad
473 1011 600 1051 Attio.
632 1010 704 1052 lib.
736 1010 789 1053 V.
824 1024 890 1068 ep.
927 1027 949 1052 2
982 1012 1231 1053 Habuimus
1264 1011 1308 1051 in
1347 1009 1547 1050 Cumano

160 1067 282 1121 quasi
305 1066 516 1120 pusillam
547 1068 750 1110 Romam:
785 1078 906 1111 tanta
936 1078 1031 1111 erat
1061 1071 1105 1111 in
1128 1069 1196 1110 his
1227 1068 1339 1108 locis
1361 1067 1550 1107 multitu·

161 1125 245 1165 do!
280 1124 389 1165 Hinc
423 1125 547 1167 etiam.
579 1142 602 1168 a
634 1126 834 1170 Strabone
866 1127 938 1170 lib.
986 1127 1042 1170 V.
1095 1130 1245 1182 Geogr.
1300 1125 1548 1166 maximum

158 1184 390 1238 emporium
422 1184 624 1227 salutatur
645 1217 657 1237 ,
689 1195 731 1229 et
762 1186 989 1242 Pompeius
1021 1189 1168 1229 Festus
1201 1184 1250 1228 de
1271 1184 1399 1228 Verb.
1428 1183 1548 1239 Sign-

161 1241 224 1283 lit.
257 1244 317 1285 M.
351 1244 410 1284 sic
444 1243 588 1286 scribit
609 1261 620 1285 :
653 1246 871 1288 Minorem
885 1246 1051 1288 Delum
1071 1246 1284 1287 Puteolos
1304 1258 1401 1284 esse
1421 1242 1549 1283 ‹lixe-

162 1310 262 1342 runt
282 1335 298 1356 ‚
330 1301 444 1358 quod
471 1304 611 1345 Delos
641 1304 877 1363 aliquando
911 1305 1158 1346 maximum
1197 1303 1438 1359 emporium
1485 1310 1571 1341 to·-

164 1359 246 1401 tius
277 1361 394 1401 orbis
411 1361 579 1415 fuerit,
610 1368 682 1405 cui
711 1363 925 1405 successit
946 1372 1106 1418 postea
1136 1364 1435 1405 Puteolanum.

283 1420 402 1461 Haec
436 1419 533 1461 urbs
565 1422 764 1478 temporis
780 1436 997 1477 progressu
1017 1422 1143 1463 etiam
1160 1421 1439 1477 Municipium
1460 1435 1546 1463 eva·
1575 1424 1759 1458 Municipium·

163 1475 216 1515 sit
239 1506 252 1525 ,
284 1485 331 1517 ut
363 1486 525 1519 constat
558 1494 580 1519 e
611 1479 753 1521 Tullio
786 1478 905 1520 Orat.
940 1492 1018 1535 pro
1051 1478 1198 1520 Coelio
1229 1494 1266 1521 c.
1303 1481 1326 1519 5
1360 1480 1418 1521 sic
1452 1479 1549 1520 seri-

168 1532 290 1575 bente
309 1549 318 1575 :
350 1534 474 1576 ,Nam
505 1536 625 1593 quod
652 1547 717 1579 est
734 1537 945 1578 obiectum
964 1537 1261 1592 lllunicipibus
1280 1537 1544 1578 adolescen-

166 1601 250 1633 tem
285 1607 373 1633 non
405 1608 502 1635 esse
523 1597 760 1650 probatum
791 1595 900 1647 tuis,
934 1595 1102 1636 nemini
1129 1610 1318 1649 unquam
1331 1610 1549 1651 praesen-

169 1652 201 1692 ti
229 1650 465 1694 Puteolani
498 1654 711 1696 maiorem
729 1654 938 1698 honorem
957 1656 1209 1695 habuerunt.
1236 1654 1453 1696 Puteolani
1477 1670 1548 1697 ve-

166 1724 212 1750 ro
243 1720 407 1752 senatus
439 1712 494 1753 ita
525 1712 626 1755 facit
657 1713 763 1756 inter
794 1712 894 1757 alios
925 1714 1184 1758 mentionem
1200 1713 1372 1756 Tacitus
1396 1714 1548 1756 Annal.

166 1767 236 1809 lib.
267 1768 378 1810 ΧΙΙΙ.
410 1784 444 1810 c.
478 1772 531 1822 48
565 1771 733 1814 Iisdem
765 1775 1017 1816 consulibus
1049 1771 1224 1814 auditae
1275 1772 1546 1813 Puteolano·

169 1841 264 1867 rum
296 1828 539 1883 legationes
558 1861 570 1880 ,
603 1845 714 1887 quas
744 1831 921 1873 diversa
954 1833 1063 1873 ordo
1083 1863 1097 1883 ,
1129 1831 1367 1887 plebesque
1399 1830 1459 1871 ad
1482 1845 1547 1871 se·

163 1894 306 1926 natum
336 1891 556 1929 miserant:
574 1889 638 1930 illi
666 1890 758 1931 vim
792 1891 1086 1942 multitudinis,
1121 1892 1167 1931 Izi
1197 1890 1542 1947 magistratuum,

164 1953 206 1985 et
230 1944 369 1998 primi
394 1947 598 2003 cuiusque
629 1948 856 1990 avaritiam
889 1950 1180 2006 increpantes,
1218 1954 1416 2007 Cum-que
1433 1947 1549 1988 sedi-

162 2002 219 2043 tio
251 2002 315 2043 acl
340 2016 487 2055 saxa,
524 2016 566 2046 et
597 2007 736 2049 minas
766 2007 931 2065 ignium
957 2023 1227 2066 progressa,
1269 2022 1424 2048 necem
1444 2037 1455 2059 ‚
1512 2015 1555 2046 et

163 2069 290 2103 arma
316 2063 549 2116 proiiceret
568 2065 696 2107 Caius
728 2066 902 2111 Cassius
936 2067 1178 2108 adhibendo
1211 2066 1405 2109 remedio
1425 2066 1544 2107 dele—

163 2131 286 2184 ςῑω,
320 2122 422 2178 quia
452 2125 730 2166 severitatem
762 2126 855 2167 eius
885 2141 973 2168 non
1007 2127 1247 2168 tolerabant
1267 2157 1278 2176 ‚
1325 2134 1541 2180 precante

164 2191 259 2231 Ipso
275 2211 291 2230 ‚
328 2180 390 2221 ad
419 2183 674 2225 Scribonios
690 2186 864 2237 fm-tres
895 2201 949 2227 ea
982 2200 1089 2227 cura
1122 2187 1410 2239 transfertur,
1444 2183 1550 2224 data

161 2236 340 2279 cohorte
374 2244 601 2295 praetoria
624 2274 636 2293 ,
677 2245 799 2286 cuius
831 2254 993 2287 terrore
1012 2277 1027 2296 ‚
1063 2255 1106 2286 et
1151 2259 1396 2300 paucorum
1447 2258 1551 2298 sup-

151 2294 291 2348 plicia
324 2301 453 2344 rediit
484 2302 689 2357 opidanis
721 2305 977 2348 concordia.
1013 2304 1100 2346 Vbi
1133 2302 1281 2347 videsis
1312 2318 1385 2362 per
1437 2299 1539 2344 haec
