1920 2579
1428 118 1506 161 125

134 187 300 246 quidem
331 200 473 244 genere
505 186 599 229 satis
632 184 770 228 eximii
799 181 1008 226 evaserant
1039 190 1203 224 veteres.
1235 178 1345 246 Hinc
1375 186 1436 219 est
1460 187 1517 243 ‘ut

135 248 337 304 praeclara
369 247 464 287 artis
496 259 616 302 opera
647 257 937 300 saepenumero
969 243 1010 283 in
1042 241 1138 298 ipsis
1185 237 1318 294 opidis
1363 250 1514 302 passlm

135 306 216 346 sint
248 305 425 356 effossa,
462 319 558 346 cum
588 305 820 360 sculpturae
852 316 915 342 ars
947 315 994 343 eo
1015 311 1201 356 tempore
1216 295 1513 362 acl-niaximum

133 363 392 418 perfectionis
424 363 581 420 apicem
611 362 734 408 fuerit
764 370 912 402 evecta.
945 362 1001 404 At
1032 356 1176 416 procul
1206 355 1333 397 dumo
1353 352 1514 423 dissere-

136 421 236 463 bant
267 433 420 463 statuae
451 435 700 463 marmoreae
731 419 783 462 ab
814 419 972 472 aene'15‚
1005 433 1101 460 cum
1134 415 1290 474 primae
1338 426 1514 453 maxlma

136 491 222 521 arte
252 480 401 523 suerint
433 481 635 535 scalptae:
666 491 884 521 aenearum
915 478 996 519 iam
1029 491 1162 527 usus,
1199 483 1322 529 atque
1352 485 1416 511 ars
1448 468 1516 510 de-

133 538 213 579 labi
245 539 474 595 incipiebat.
507 538 616 581 Hinc
647 554 669 579 e
701 537 833 581 Plinio
867 534 1020 577 ibidem
1049 535 1261 589 signorum
1294 543 1514 594 aeneornm

136 608 264 638 artem
295 600 461 640 Nerone
491 599 718 652 imperante
748 595 850 638 elabi
882 596 1058 652 coepisse
1090 591 1352 634 addiscimus.
1407 587 1516 652 Hinc

134 666 234 710 puta
254 687 268 706 ,
304 671 445 697 omnes
477 666 627 699 statuas
659 671 708 698 ex
737 670 828 698 aere
859 665 1038 711 repertas
1072 654 1115 694 in
1164 648 1356 707 praefatis
1403 644 1517 686 urbi-

137 714 213 755 bus
243 715 349 756 susas
382 714 550 755 forsitan
584 714 705 770 paulo
736 723 830 754 ante
861 711 1224 768 conflagrationem
1258 705 1370 749 haud
1398 718 1513 746 com-

142 773 340 829 parandas
371 787 468 814 cum
499 773 586 813 aliis
615 772 829 814 anterioris
860 772 960 812 aevi.

553 901 935 955 CAPUT
1007 901 1095 952 IV.

142 1031 323 1088 Quinam
352 1032 657 1088 Pompeiorum
694 1028 911 1082 conditor,
949 1028 1121 1070 incolae
1151 1027 1342 1077 diversi3
1375 1039 1514 1086 quam

196 1091 252 1133 do
282 1092 384 1134 urbs
425 1106 593 1134 eversa.
640 1086 852 1131 Eiusdem
880 1097 1063 1144 portu-03
1105 1086 1430 1141 Municipium,
1476 1095 1517 1126 et

194 1151 388 1192 Colonia.
434 1149 706 1192 Describitur
768 1149 1012 1190 Mammiae
1058 1146 1329 1202 sepulchrum
1345 1176 1361 1197 ,
1413 1149 1519 1186 anti·

195 1223 278 1262 qua
310 1208 514 1265 aedificia
533 1241 549 1260 ,
587 1208 786 1265 templum
803 1206 940 1248 Isidis
956 1237 968 1260 ,
996 1205 1208 1259 Theatra,
1229 1203 1516 1260 Amphithea-

194 1276 306 1309 zrum
327 1303 340 1322 ‚
376 1278 419 1310 et
452 1268 634 1309 Forum.
670 1266 795 1309 Arrii
826 1264 1055 1309 Diomedis
1090 1264 1249 1306 domus
1269 1296 1282 1315 ,
1319 1273 1359 1304 et
1368 1276 1514 1321 pagus

195 1326 389 1383 Augusti
415 1325 593 1370 Felicis.

1539 1436 1564 1471 Q
1572 1435 1658 1461 ussnam
1679 1437 1753 1462 mbi-

1580 1471 1713 1499 conditor,

252 1444 477 1502 Postquam
508 1444 562 1487 de
592 1444 695 1487 urbe
725 1441 982 1486 Herculaneo
1028 1441 1122 1485 satis
1153 1443 1274 1485 verba
1307 1442 1477 1485 fecimus
1499 1472 1514 1493 ,

135 1501 176 1546 et
207 1502 377 1557 Regium
409 1503 698 1561 descripsimus
727 1505 955 1553 Museum,
978 1501 1028 1544 de
1059 1501 1271 1558 Pompeiis
1304 1502 1374 1558 (1)
1407 1515 1518 1542 nune

134 1577 365 1606 sermonem
400 1563 659 1604 instituemus
681 1578 697 1615 3
726 1576 832 1618 quae
864 1559 961 1603 urbs
992 1559 1104 1602 haud
1136 1561 1279 1616 procul
1311 1575 1332 1600 a
1364 1559 1517 1601 descri-

134 1633 206 1678 pta
239 1620 398 1676 abfuit,
432 1637 610 1678 quacum
646 1634 911 1664 communem
947 1618 1098 1662 eruditi
1129 1618 1319 1661 habuisse
1337 1619 1518 1661 sentiunt

235 1826 294 1876 (ι)
320 1827 415 1864 Haec
440 1828 524 1863 urbs
550 1841 569 1863 a
599 1826 743 1862 Graecis
769 1826 862 1863 dieta
899 1827 970 1862 fuit
1007 1827 1202 1870 Πομπαῖα,
1244 1837 1279 1862 et
1318 1827 1514 1875 Hommzfit.

132 1878 373 1915 Martorellius
400 1887 576 1927 quantum
605 1876 668 1912 Vir
690 1877 726 1911 in
754 1876 946 1921 Hebraeo,
989 1885 1023 1911 et
1050 1876 1188 1912 Graeco
1235 1876 1403 1914 idiomate
1446 1880 1518 1915 exi—

135 1929 230 1964 mius
250 1956 262 1973 ,
291 1934 430 1963 tantum
458 1940 635 1964 novorum
664 1926 882 1976 excogitator
909 1926 1170 1963 vocabulorum
1187 1954 1198 1972 ‚
1226 1927 1320 1962 hanc
1339 1955 1350 1972 ⁷
1380 1935 1422 1964 ut
1437 1942 1514 1965 mos

132 1978 210 2013 eius
237 1985 288 2013 est
317 1978 460 2014 urbium
489 1985 634 2027 etymon
663 1990 762 2012 nunc
789 1990 830 2012 ex
856 1975 1035 2020 Hebraea,
1065 1990 1162 2013 nunc
1190 1991 1211 2013 e
1236 1978 1428 2017 Phoenicia
1443 1979 1515 2015 lin-

132 2041 205 2078 gua
232 2028 443 2072 derivandi,
473 2028 622 2079 arguit,
650 2041 668 2064 a
697 2027 896 2063 Phoenicio
922 2034 1040 2064 ortum
1068 2026 1233 2064 habuisse
1277 2041 1406 2065 nomen
1423 2057 1434 2074 ,
1479 2037 1515 2067 et

132 2078 370 2125 osflammae
397 2079 616 2129 significasse
633 2083 796 2126 ,utpote
823 2078 908 2114 urbs
936 2076 1121 2114 aedificata
1150 2079 1258 2115 fuerit
1284 2092 1390 2128 super
1436 2080 1516 2116 vul-

133 2129 276 2164 canicas
302 2131 483 2165 materias.
511 2130 659 2176 Ignari-a
685 2128 730 2165 de
755 2127 896 2165 Phratr.
925 2127 1079 2177 Neapol.
1109 2141 1141 2166 c,
1175 2140 1219 2165 ιο
1246 2128 1377 2165 dictam
1404 2130 1514 2168 fuisse

132 2188 298 2214 autumat
324 2179 491 2228 primitus
517 2180 667 2224 Βομβὲις
689 2206 700 2223 ,
729 2191 858 2227 nempe
885 2193 903 2216 a
931 2179 1147 2215 Vesuvianis
1189 2179 1401 2230 mugitibus,
1448 2183 1512 2230 qui

130 2228 312 2265 Titianam
339 2236 422 2266 ante
450 2230 770 2279 conflagrationem
804 2228 902 2268 hisce
943 2231 979 2266 in
1022 2229 1110 2266 lo-cis
1147 2229 1345 2268 identidem
1385 2230 1510 2269 audie-

128 2280 273 2316 bantur.²
