1920 2579
327 124 383 168 '15

328 132 439 226 idein
473 187 646 234 sonant,
678 191 724 223 ut
756 181 944 223 observat
976 181 1040 224 Cl·
1075 181 1268 238 Ancora,
1300 180 1517 239 pros-petto
1547 182 1713 228 storto&

331 242 374 284 di
407 242 575 296 Pompei
608 254 695 297 pag.
732 241 801 284 52·
823 241 931 282 Hine
949 240 1241 297 Isagogicarum
1274 240 1616 285 Dissertationum
1637 258 1706 285 a-u-

332 311 462 343 ct'ores
495 298 772 342 Plininianum
803 309 959 341 textum
991 301 1102 341 iuxta
1135 299 1309 342 eundem
1342 300 1629 355 corrigendum
1647 303 1703 343 ita

330 369 514 416 putant:
548 359 626 399 IX.
658 359 765 400 Kal.
797 358 1071 401 Decembrmes
1103 357 1265 400 Eodem
1298 358 1426 400 ferme
1463 359 1589 402 modo
1621 361 1713 404 Dior

330 418 491 461 Cassius
521 416 593 460 lib.
627 416 722 460 LX.
757 433 790 459 c·
832 430 876 459 11
913 418 1017 460 hanc
1049 427 1186 460 narrat
1216 416 1560 484 cathastrophen‚
1592 433 1711 476 prae=

331 475 469 518 sertim
503 490 596 518 cum
629 491 701 533 per
731 491 819 519 eam
851 486 1136 535 tempestatem
1169 475 1374 519 horrenda
1407 477 1489 518 visa
1539 477 1692 519 fuerint

333 546 548 588 monstra,
581 545 620 576 et
651 535 828 592 gigantes
861 537 902 592 (1
891 536 947 592 1.)

442 591 631 649 Legenda
663 604 722 635 est
752 594 875 635 etiam
907 593 1028 636 Plinii
1059 593 1235 637 Iunior-‘is
1266 594 1318 635 ad
1352 593 1530 635 eundem
1576 594 1694 635 Taci-

324 661 414 694 tum
445 651 612 708 epistola
644 661 908 709 quaerentem
939 652 1140 708 quidnam
1172 667 1244 708 per
1276 652 1398 693 hosce
1431 651 1644 718 (1ἰε5ἱρ5ε,
1663 663 1703 693 et

323 721 452 752 mater
482 721 643 765 ageret,
681 710 781 751 dum
814 711 960 751 Miseni
991 709 1132 751 aderat
1157 740 1169 761 ,
1221 720 1261 749 et:
1308 708 1508 766 quidnam
1558 711 1705 751 vicinis

322 769 571 824 Campaniae
603 768 700 808 locis
733 767 961 818 acciderit,
992 767 1065 809 eui
1094 766 1250 809 Plinius
1283 767 1361 808 hoc
1391 767 1517 809 modo
1535 782 1698 824 respon-

322 825 390 868 det
421 826 534 883 epist.
576 839 624 879 17
660 824 721 867 V
707 840 757 867 ix
810 825 899 866 iam
939 840 1050 868 viam
1096 824 1425 867 deserueramus
1445 857 1460 877 ,
1515 834 1555 866 et
1603 840 1699 867 nox

322 897 406 924 non
434 884 572 938 qualis
604 884 746 926 illunis
766 914 780 935 a
816 892 858 925 et
895 884 1042 926 nubila
1063 915 1075 938 ‚
1112 883 1195 927 sed
1206 887 1348 942 qualis
1377 885 1421 926 in
1452 884 1562 925 locis
1580 885 1698 926 clam

321 943 383 983 sis
417 943 574 984 lumine
609 943 816 983 extincto.
852 941 1048 984 Audires
1082 943 1294 985 ululatum
1298 943 1613 993 foeminarum,
1638 943 1701 982 in·

309 1001 506 1053 fantium
537 1001 792 1058 quiritatuS,
826 999 1056 1041 clamores
1082 1004 1306 1051 virorum,
1339 1001 1416 1041 alii
1447 1009 1701 1055 parentes,

323 1059 400 1099 alti
438 1060 592 1099 liberos
613 1089 624 1110 ‚
657 1059 732 1099 alii
757 1058 961 1115 coniuges
979 1059 1163 1100 vocibus
1191 1057 1489 1115 requirebant,
1520 1057 1707 1096 vocibus

324 1118 612 1159 noscetabant.
649 1118 715 1157 Hc
741 1130 864 1158 suum
897 1130 1050 1161 casum
1073 1148 1084 1169 ,
1126 1117 1191 1157 illi
1223 1129 1399 1156 suorum
1436 1113 1695 1154 miseraban

424 1342 456 1384 (ι
447 1343 476 1384 ι)
505 1339 619 1375 Causa
647 1352 753 1389 quam
786 1337 891 1376 affert
918 1340 987 1376 Dio
1013 1339 1058 1376 de
1093 1338 1287 1389 gigantum
1325 1339 1545 1389 apparitione
1590 1340 1710 1378 huius

326 1390 552 1425 *Uesuiianae
581 1390 778 1426 eructionis
806 1400 993 1446 tempore,
1019 1403 1091 1426 non
1121 1389 1189 1424 alia
1219 1402 1292 1425 csse
1313 1389 1471 1435 videtur,
1478 1394 1711 1446 quamopis

327 1439 387 1475 nio
415 1453 486 1488 qua
515 1446 654 1476 veteres
683 1439 900 1489 Campaniae
928 1440 1072 1496 incplae
1098 1438 1323 1485 credebant,
1328 1440 1418 1476 sub
1444 1439 1599 1476 Vesuvii
1644 1455 1704 1477 via

330 1491 489 1524 §ceribus
518 1489 626 1525 fuisse
653 1490 836 1540 quondam
865 1489 1010 1527 Alcinoi
1038 1490 1194 1540 gigantis
1237 1502 1312 1526 ossa
1353 1489 1505 1538 sepulta
1559 1488 1707 1528 Verum

327 1539 394 1573 Phi
389 1540 562 1575 losuatus
590 1540 834 1575 Heioic.c.1
866 1540 1053 1589 qnondam
1081 1539 1229 1588 Neapoli
1259 1547 1403 1575 vetusto
1440 1553 1529 1575 aevo
1575 1553 1696 1589 reapse

332 1589 429 1622 ‹mtiti
436 1602 488 1623 sse
516 1588 604 1624 haec
632 1589 825 1637 gigantum
855 1602 931 1625 ossa
961 1589 1079 1624 tradit.
1108 1590 1154 1624 At
1182 1587 1250 1624 hoc
1277 1588 1389 1624 dubio
1416 1589 1542 1642 procul
1565 1589 1705 1626 falsum

335 1647 413 1674 cst:
443 1637 535 1672 nihil
564 1637 664 1673 aliud
691 1650 729 1674 ea
757 1640 881 1682 fuere,
910 1651 1017 1687 quam
1046 1637 1276 1687 quorundam
1306 1638 1519 1673 immanium
1562 1638 1701 1675 bestia-

331 1700 415 1723 rum
443 1700 518 1723 ossa
548 1701 567 1722 a
595 1687 850 1737 Neapolitanis
870 1688 937 1724 sub
964 1687 1111 1723 Vesuvii
1137 1687 1332 1723 visceribus
1362 1686 1547 1736 quondam
1578 1700 1707 1738 repetu-v

331 1746 366 1773 ta
390 1765 400 1782 ‚
429 1744 464 1773 et
490 1738 533 1773 ab
560 1737 687 1773 iisdem
714 1745 864 1775 servata.
893 1737 947 1773 De
976 1737 1033 1774 his
1057 1738 1201 1773 fortasse
1229 1737 1465 1786 Tranquillus
1513 1746 1631 1773 narrat
1660 1741 1696 1775 in

331 1789 429 1837 Aug.
459 1800 492 1823 c
521 1801 582 1836 72.
609 1787 656 1823 At
682 1788 1013 1837 quomodocunque
1040 1799 1094 1822 les
1122 1787 1166 1821 sit
1189 1800 1364 1835 ,primae
1393 1787 1619 1823 cruciationis
1637 1800 1695 1826 ao-

332 1850 374 1873 vo
403 1841 416 1884 (
445 1845 485 1875 ut
509 1837 645 1888 vulgus
672 1838 882 1886 opinabatur
908 1840 921 1882 )
949 1837 986 1872 hi
1015 1837 1180 1887 gigantes
1208 1852 1224 1872 a
1256 1837 1370 1886 poetis
1398 1839 1516 1887 potius
1535 1836 1669 1874 efficti
1661 1847 1696 1874 ln

333 1886 392 1924 illa
419 1887 595 1925 horrenda
625 1887 906 1936 conflagratione
933 1900 1056 1924 rursus
1083 1896 1340 1936 apparuerunt.

438 1938 507 1975 Eas
532 1945 655 1975 autem
683 1937 872 1987 gigantum
900 1937 1141 1995 apparitiones
1169 1937 1256 1972 nihil
1283 1937 1380 1972 aliud
1400 1936 1504 1973 fuisse
1522 1938 1708 1986 putarim

342 2001 450 2038 quam
479 1989 638 2038 ipsorum
665 1987 853 2023 hominum
882 1997 1018 2023 mentes
1046 1987 1158 2023 nimio
1185 1993 1318 2022 terrore
1364 1996 1540 2035 correptas
1560 2013 1569 2029 ,
1613 1997 1697 2024 ante

342 2051 432 2087 quos
458 2037 630 2075 horrenda
658 2044 784 2074 cuncta
815 2037 1044 2076 visebantur.
1064 2037 1259 2072 Enimvero
1289 2037 1423 2085 ignitae
1451 2037 1562 2078 nubes
1601 2039 1693 2074 circa

333 2088 534 2125 Vesuvium
559 2089 661 2126 vatio
689 2087 806 2124 colore
834 2093 1015 2123 versantes
1038 2114 1054 2130 ,
1077 2095 1111 2121 et
1138 2099 1179 2121 ex
1207 2087 1312 2122 variis
1341 2087 1495 2122 materiis
1520 2087 1563 2122 ab
1610 2088 1694 2135 igne

344 2144 552 2183 eruentae,
580 2139 712 2175 vicinas
732 2137 938 2173 territabant
955 2142 1091 2186 gentes,
1110 2135 1408 2186 phantasiamque
1429 2136 1696 2186 perturbabant.

341 2187 453 2236 quue
472 2196 677 2237 portentum
692 2190 728 2224 in
750 2189 891 2236 magnis
904 2186 1122 2223 Vesuvtanis
1141 2187 1479 2236 conflagrationibus
1496 2186 1692 2223 identidem

344 2238 496 2273 evenisse
523 2248 745 2296 compertum
773 2237 977 2283 habemus
1004 2247 1039 2273 et
1078 2244 1196 2273 nostra
1236 2238 1340 2273 etiam
1378 2239 1450 2274 sere
1486 2243 1707 2286 tempestate

344 2286 554 2326 huiusmodi
583 2290 766 2341 gigantes,
796 2294 831 2325 et
855 2294 1010 2325 monstra
1039 2286 1258 2325 Vesuvianis
1285 2287 1465 2339 indigenis
1491 2288 1577 2325 visa
