1920 2579
295 92 380 132 258

294 148 487 204 Apostolo
520 149 638 190 petr0
673 148 738 207 (Ι)
775 149 1005 192 Christiana
1036 150 1119 193 fide
1161 151 1364 196 imbutam
1412 171 1530 197 esse:
1577 156 1668 213 ipse

290 209 397 254 euim
428 219 643 264 postquam
677 209 975 250 Antiochenam
1023 209 1208 256 condidit
1238 212 1494 265 Ecclesiam,
1533 216 1672 272 ibique

286 415 506 450 Iannonium
534 415 628 450 Hist.
669 415 774 451 Civil.
814 415 928 465 Neap.
957 417 1022 453 lib.
1054 417 1082 452 I.
1112 430 1142 453 c.
1185 418 1247 453 ult.
1287 430 1556 467 propugnaret,
1601 421 1667 455 uhi<

287 465 429 510 scribit,
471 465 620 513 Neapoli
659 464 899 502 Christianam
940 467 1166 517 Religionem
1195 468 1264 506 IV.
1293 462 1436 504 nonnisi
1465 478 1543 518 post
1590 484 1667 505 sae-

290 517 413 550 culum
445 515 701 556 introductam.

389 565 449 614 (1)
476 566 570 601 Sunt
597 566 660 614 qui
704 575 860 615 putant,
889 567 934 602 D.
964 569 1117 604 Petrum
1143 569 1398 616 Apostolorum
1443 569 1662 618 Principem

288 616 477 663 Neapolim
507 629 698 665 uunquam
724 616 913 652 advenisse
936 645 945 660 ‚
974 619 1106 666 quibus
1134 617 1233 654 haud
1261 619 1440 666 equidem
1465 619 1660 655 adsentior.

287 666 378 700 Tam
407 676 543 701 certum
573 673 650 708 cst,
680 666 795 714 ipsum
825 667 1035 714 Apostolum
1067 675 1223 703 nostram
1262 669 1448 704 advenisse
1495 671 1618 704 urbem
1649 699 1660 715 ⁷

286 723 326 750 ut
353 728 395 749 cx
425 715 590 763 pluribus
617 715 654 749 id
683 717 927 750 monumentis
954 729 1076 752 eruere
1104 718 1306 752 luculenter
1333 717 1526 767 possimus.
1569 720 1669 756 Nam·

286 766 347 812 qui
377 765 453 799 sieri
482 771 619 809 poterat
640 791 649 807 ‚
681 771 719 799 ut
747 764 1002 812 Apostolorum
1032 767 1204 815 Princeps
1234 780 1315 802 cum
1343 768 1484 803 Italiam
1529 769 1657 818 adpro-

285 815 477 862 pinquaret
496 840 507 856 ‚
534 821 641 862 atque
670 813 712 848 ad
740 814 960 850 fundandam
977 816 1179 852 Romanam
1197 816 1411 853 Cathedram
1435 845 1444 860 ‚
1472 831 1543 852 non
1561 818 1659 866 prius

287 864 423 898 vicinas
453 864 614 912 regiones
638 893 649 910 ‚
675 871 708 899 et
738 864 966 912 provincias,
996 874 1031 901 et
1068 867 1172 902 urbes
1203 881 1263 915 per
1291 881 1369 903 eam
1412 875 1661 915 tempestatem

285 913 526 949 nobilissimas
553 914 742 949 inviseret?
768 914 863 949 Illud
891 922 1017 951 autem
1039 917 1184 952 evidens
1211 925 1262 952 est
1290 931 1330 953 ex
1359 919 1535 953 constanti
1567 918 1657 953 Tra-

286 964 448 1006 ditione,
476 972 582 1013 atque
610 964 792 999 variorum
819 964 1031 1001 Sanctorum
1062 974 1266 1002 nostrorum
1295 967 1507 1003 Antistitum
1528 969 1655 1014 genui-

284 1015 340 1049 nis
370 1015 518 1050 Actibus
538 1041 549 1057 ,
586 1014 632 1050 D.
680 1014 830 1049 Petrum
858 1014 1004 1050 fundata
1034 1016 1131 1063 prius
1156 1016 1395 1052 Antiochensi
1435 1015 1614 1051 Cathcdra
1646 1046 1657 1061 ,

283 1066 437 1099 Romam
468 1063 719 1099 advenientem
747 1063 901 1099 Claudio
928 1065 1160 1113 imperitante
1180 1092 1192 1109 ,
1221 1066 1412 1114 Neapolim
1435 1066 1656 1113 pervenisse,

281 1115 406 1162 ibique
434 1114 509 1149 dies
537 1114 671 1163 aliquot
699 1114 942 1150 immoratum.
968 1115 1113 1150 Infimae
1132 1114 1212 1150 heic
1240 1117 1343 1151 sortis
1370 1114 1566 1150 foeminam
1585 1116 1656 1161 (uti

281 1165 434 1212 constat)
464 1165 499 1198 in
527 1165 604 1199 foro
627 1164 797 1206 invenit,
825 1163 1025 1199 Candidam
1053 1165 1200 1200 nomine
1218 1193 1228 1210 ‚
1254 1177 1405 1213 eamqae
1449 1163 1555 1199 senili
1595 1176 1656 1199 ae-

278 1220 348 1249 tate
374 1221 603 1262 provectam,
634 1226 744 1262 eaque
771 1215 817 1248 ab
846 1214 921 1263 ipso
949 1215 1163 1263 interrogata
1189 1243 1199 1259 ,
1227 1214 1292 1263 qui
1320 1226 1433 1249 mores
1461 1215 1498 1248 in
1521 1213 1653 1250 eadem

277 1274 394 1299 essent
424 1265 510 1299 urbe
534 1292 544 1308 ,
574 1264 691 1299 statim
722 1263 852 1298 Christi
880 1264 1072 1311 Religione
1101 1264 1238 1300 imbuta
1262 1292 1273 1308 ‚
1303 1271 1338 1299 et
1365 1263 1510 1300 salutari
1526 1264 1655 1312 Bapti-

276 1314 397 1348 smatis
426 1313 563 1349 lavacro
592 1314 661 1349 fuit
688 1314 850 1348 lustrata.
880 1313 1065 1349 candidae
1119 1321 1205 1349 tunc
1233 1316 1368 1351 amicus
1395 1314 1545 1363 quidam
1576 1321 1650 1349 erat

275 1366 413 1411 Aspren
443 1364 613 1407 nomine,
642 1363 758 1398 multo
783 1363 913 1399 abhinc
942 1373 1099 1412 tempore
1127 1364 1272 1401 adversa
1319 1364 1485 1400 laborans
1520 1363 1648 1398 valeti-

274 1415 424 1455 tudine‚·
454 1421 493 1448 ut
528 1414 559 1448 ei
587 1415 776 1449 sanitatem
818 1414 1005 1458 restituat,
1047 1420 1163 1463 rogat:
1192 1427 1300 1465 quem
1336 1414 1484 1464 quidem
1514 1413 1654 1449 Christi

274 1464 465 1511 Apostolus
494 1464 588 1499 illico
615 1476 767 1507 sanum,
797 1464 1029 1513 validumque
1058 1464 1227 1500 reddidit.

374 1513 427 1549 Ad
457 1514 547 1549 hanc
574 1513 823 1550 Traditionem
851 1514 1130 1550 confirmandam
1159 1514 1260 1564 plura
1280 1514 1411 1550 adsunt
1430 1525 1644 1548 monumen-

272 1575 305 1598 ta
328 1590 336 1605 ,
364 1576 476 1611 eaque
505 1565 619 1598 variae
647 1565 795 1606 aetatis,
824 1571 858 1599 et
906 1565 1142 1600 auctoritatis.
1193 1565 1242 1599 Vt
1270 1565 1338 1599 alia
1370 1564 1561 1605 omittam,
1606 1564 1644 1598 in

273 1623 440 1661 promptu
479 1614 649 1648 habemus
678 1615 706 1648 Ι.
735 1615 822 1649 Acta
851 1615 1059 1661 primigenia
1089 1614 1128 1650 S.
1156 1615 1323 1661 Asprenis
1368 1619 1495 1661 quarto
1524 1612 1644 1646 Eccle-

272 1664 343 1698 siae
371 1663 510 1699 saeculo
532 1664 574 1698 al]
603 1676 783 1712 anonymo
811 1664 979 1712 scriptore
1006 1670 1156 1698 exarata.
1185 1664 1242 1699 Hi
1264 1663 1300 1697 S.
1341 1661 1525 1697 Athanasii
1555 1662 1643 1709 Epi-

271 1713 365 1762 scopi
395 1713 624 1762 Neapolitani
655 1714 764 1749 vitam
794 1728 811 1748 a
841 1714 947 1748 Petro
974 1712 1202 1748 subdiacono
1230 1711 1471 1760 Neapolitano
1499 1712 1643 1745 saeculo

273 1763 410 1799 decimo
438 1765 683 1812 conscriptam.
712 1764 780 1797 111.
795 1763 871 1797 Alia
894 1766 980 1798 Acta
998 1762 1157 1797 eiusdem
1187 1762 1225 1797 S.
1244 1760 1413 1810 Asprenis
1445 1761 1489 1795 ab
1507 1760 1642 1808 Vghel-

272 1812 318 1848 lio
346 1813 423 1848 Ital.
453 1814 534 1849 Sae.
566 1824 656 1849 tom.
683 1813 749 1848 IV.
779 1813 822 1849 de
850 1813 971 1862 Episc.
999 1811 1152 1860 Neapol.
1182 1812 1346 1861 vulgata,
1396 1810 1457 1846 uhi
1487 1810 1640 1846 huiusce

272 1863 439 1899 historiae
466 1865 621 1900 occurrit
648 1865 798 1899 mentio.
825 1864 870 1897 V.
901 1862 1106 1898 Chronicon
1135 1861 1174 1897 S.
1198 1863 1335 1897 Mariae
1363 1861 1404 1897 de
1425 1860 1607 1908 Principio
1629 1889 1639 1905 ,

272 1914 368 1961 quod
397 1915 524 1958 tertio,
553 1921 587 1949 et
613 1914 751 1949 decimo
778 1921 949 1962 vergente
978 1913 1122 1948 saeculo
1149 1913 1217 1948 fuit
1236 1919 1432 1947 exaratum.
1453 1911 1512 1945 VI.
1533 1911 1640 1945 Prae-

271 1970 365 1998 tereo
393 1965 536 2000 loannis
564 1964 701 1999 Villaui
729 1965 931 2000 Chronicon
951 1990 971 2008 ,γ
991 1970 1026 1998 et
1067 1962 1145 1999 MS.
1189 1962 1360 2004 Codices,
1403 1973 1492 2007 quos
1537 1959 1642 1994 affert

271 2014 495 2049 Caracciolus
541 2014 585 2049 de
613 2015 693 2051 Sac.
722 2014 874 2064 Neapol.
902 2013 1034 2049 Eccles.
1061 2013 1229 2048 Monum-
1271 2025 1302 2046 c.
1334 2013 1369 2046 5.
1411 2009 1638 2044 Chioccarel-

270 2063 341 2098 lius
370 2064 413 2098 dc
443 2065 559 2111 Episc.
588 2064 846 2113 Neapoljaanc
873 2063 977 2098 ctiam
1007 2073 1117 2098 totam
1144 2063 1281 2097 sincere
1303 2069 1422 2096 narrat
1449 2059 1633 2094 historiam

270 2113 306 2146 S.
336 2113 426 2147 Petri
448 2139 458 2154 ,
481 2121 515 2148 et
543 2116 717 2163 Asprenis*
746 2111 796 2150 'eit
823 2111 1080 2160 antiquissimis
1108 2117 1309 2159 excerptam
1352 2107 1591 2143 Lectionariis
1622 2137 1632 2152 ,

269 2162 347 2197 MS.
379 2162 633 2210 Neapolitanae
653 2162 829 2199 Ecclesiae
855 2162 966 2198 libi-is.
992 2161 1135 2197 Videsis
1164 2160 1221 2196 Cl.
1237 2159 1464 2197 Mazochium
1486 2158 1529 2193 de
1549 2157 1635 2192 Cui-2

269 2223 308 2247 tu
337 2212 398 2247 SS.
425 2212 607 2260 Neapolit.
1647 2252 1650 2254 ,

368 2263 414 2297 At
456 2264 627 2311 quoniam
665 2263 711 2300 D.
748 2262 918 2312 Asprenis
957 2262 1114 2298 occur-rit
1157 2260 1291 2297 mentio
1320 2288 1329 2305 ,
1368 2257 1638 2309 praete1endam
