1920 2579
1434 101 1504 143 131

132 161 315 208 vestibus
346 161 585 205 indueretur
617 159 880 218 sumptuosis.
914 157 1098 202 Huiusce
1136 158 1194 202 rei
1229 158 1509 200 testimonium

137 223 251 266 adest
281 221 388 279 apud
423 223 559 279 ipsum
588 219 974 262 Halicarnassaeum
1005 218 1075 260 lib.
1109 219 1162 261 ΙΙ,
1195 216 1317 272 Quod
1356 218 1505 261 confir-

135 291 222 324 mat
254 281 336 322 alio
372 281 466 322 loco
489 310 502 329 ,
537 294 689 335 nempe
725 277 796 319 lib.
830 279 901 321 IX.
935 277 1172 320 Athenaeus
1195 275 1244 318 de
1263 276 1385 318 huius
1410 291 1513 333 gen·

137 341 187 382 tis
223 340 319 381 luxu
356 352 588 380 sermonem
640 338 763 379 etiam
816 336 874 378 sic
910 336 1084 378 instituit
1123 335 1194 378 lib.
1229 336 1300 376 IV.
1335 336 1434 383 Παραι
1461 337 1502 369 ἐς

134 398 320 446 Tus-*privem
348 398 398 432 δίε
422 397 477 436 τὴς
502 396 621 443 ἡμερας
645 396 800 444 τραπὲζαι
830 395 1030 431 πολυτελειε
1055 395 1376 443 παρασκευαζονται,
1405 396 1506 430 wilfa-

132 463 184 485 ναι
212 461 247 482 τε
277 448 422 496 στρωμοιῖ
442 473 451 490 ,
478 447 533 481 καί
562 448 743 489 &mmmmm
768 446 892 495 αργύρκ
917 446 1136 489 mvrdamra,
1164 446 1217 481 naci
1246 445 1375 481 δουλᾶν
1417 445 1505 484 πλη-

134 501 197 535 305
249 501 421 546 ἐυπρενπων
474 498 676 544 aspect-rins?
703 524 713 541 ,
765 498 919 536 ἐστησεσι
977 495 1163 531 πολυτελεε
1214 498 1463 538 κεκοσμηαενὸἕν
1496 507 1503 528 :

135 549 272 604 Apud
306 549 555 604 Tyrrhenos
604 549 665 589 bis
705 549 748 589 in
789 548 859 588 die
904 562 1083 588 mensae
1120 548 1498 602 praeparabantur

133 617 407 661 sumptuosae
425 638 438 657 ‚
456 605 637 660 floridis
665 606 868 663 stragulis
914 616 955 647 et
978 609 1122 647 aureis
1151 606 1293 646 omnis
1325 610 1497 661 generis

137 667 336 716 vasibus,
382 675 421 705 et
456 679 683 705 servorum
729 664 971 706 decentium
1019 664 1180 705 assistit
1231 664 1454 705 multitudo
1483 695 1497 715 ,

140 725 321 767 vestibus
351 723 610 778 sumptuosis
645 722 908 766 indutorum.

254 782 318 823 Eo
349 791 490 824 autem
522 796 587 822 res
618 780 769 833 rediit,
820 791 862 823 ut
899 796 980 823 non
1017 783 1152 825 solum
1187 781 1340 838 seipsos
1359 781 1504 839 exqui-

141 840 217 883 site
249 837 507 890 tractarent,
538 856 683 884 verum
721 841 845 883 etiarn
884 839 1068 897 hospites
1090 872 1101 890 ,
1123 849 1164 883 et
1196 841 1432 901 quicunque
1451 838 1510 896 ada

141 899 310 941 illorum
346 897 517 941 domum
549 897 793 956 perveniret.
830 901 886 940 At
919 898 1126 941 undenam
1166 899 1320 943 isthaec
1365 893 1504 942 omnia

140 957 249 1000 vitae
280 957 386 999 bona
410 989 423 1008 ,
455 958 532 999 nisi
563 973 612 999 ex
648 957 835 1014 ipsorum
872 958 997 1015 longa
1047 973 1181 1015 pace,
1231 967 1271 999 et
1309 958 1499 1000 fortunae

138 1014 431 1072 indulgentia,
479 1026 519 1058 et
551 1015 746 1059 felicitate
790 1015 986 1066 afflante,
1035 1031 1114 1073 qua
1160 1016 1330 1058 illorum
1370 1016 1503 1059 solum

138 1089 212 1132 per
253 1075 424 1131 longam
458 1088 663 1116 annorum
709 1073 858 1117 seriem
893 1075 980 1129 (ut
1006 1073 1203 1117 credibile
1242 1083 1302 1116 est
1331 1072 1349 1131 )
1389 1075 1506 1117 nullo

137 1133 331 1175 intestino
363 1141 581 1176 externove
613 1132 824 1175 turbatum
859 1133 971 1175 bello
1001 1132 1080 1175 fuit
1123 1135 1346 1190 unquam?
1396 1133 1505 1176 Hinc

136 1199 246 1233 artes
277 1189 328 1233 ad
357 1191 551 1234 ultimum
586 1190 848 1248 perfectionis
891 1189 1067 1248 gradum
1101 1192 1210 1249 apud
1262 1190 1373 1247 ipsos
1412 1207 1500 1250 per-

138 1249 297 1293 venisse
334 1259 525 1301 constat,
565 1259 612 1293 ut
651 1249 776 1294 etiam
811 1249 862 1292 de
896 1250 1140 1308 sculptura,
1181 1249 1230 1293 de
1260 1249 1508 1294 architectu-

138 1323 184 1350 ra
205 1340 216 1360 ,
255 1307 425 1366 aliisque
460 1308 619 1352 factum
650 1317 722 1351 est.
756 1311 815 1351 At
847 1324 893 1351 ea
926 1324 1026 1363 gens
1047 1341 1062 1361 ‚
1105 1323 1209 1366 quae
1241 1323 1316 1365 per
1335 1317 1395 1350 tot
1414 1325 1501 1352 sae—

139 1367 233 1409 cula
267 1366 311 1408 in
352 1366 471 1410 Italia
505 1366 837 1410 avetustissimis
876 1366 976 1424 ipsis
1010 1367 1262 1424 temporibus
1280 1367 1414 1409 fuerat
1429 1366 1499 1409 do-

138 1424 292 1467 minata
311 1455 324 1474 ,
363 1439 549 1482 quaeque
582 1423 632 1466 ad
669 1424 925 1466 maiestatem
947 1455 960 1474 ‚
981 1433 1023 1466 et
1040 1423 1275 1468 divitiarum
1307 1441 1505 1482 pervene-

137 1492 202 1524 rat
237 1482 437 1530 culmen,
484 1497 669 1540 quaeque
701 1482 752 1524 ad
788 1481 891 1524 illud
931 1498 1060 1541 usque
1090 1492 1253 1541 tempus
1291 1484 1501 1527 luxuriose

138 1540 268 1583 vitam
314 1549 484 1597 egerat3
525 1541 638 1584 brevi
679 1541 729 1583 ad
776 1541 839 1583 sui
884 1541 1012 1599 ipsius
1051 1542 1212 1585 ruinam
1266 1540 1502 1586 accedebat.

138 1599 248 1641 Hinc
281 1598 531 1641 effoeminati
566 1613 701 1642 mores
726 1598 833 1656 apud
855 1598 1051 1650 eosdem,
1088 1610 1129 1643 et
1149 1601 1265 1643 nullo
1298 1601 1395 1644 belli
1429 1617 1503 1644 usu

142 1657 348 1714 deturpati
385 1672 458 1714 per
490 1659 664 1714 longum
711 1667 905 1714 tempu3‚
953 1674 1051 1702 cum
1101 1668 1161 1701 tot
1196 1659 1312 1702 annis
1353 1659 1498 1702 vicinis

138 1715 301 1773 populis
335 1730 434 1771 paee
468 1716 657 1766 reddita,
689 1727 831 1773 postea
869 1715 918 1759 ad
955 1717 1123 1775 Imperii
1151 1718 1314 1775 lapsum
1357 1733 1500 1775 perve-

139 1789 247 1815 nere.
303 1773 411 1816 Hinc
466 1775 718 1832 longinquae
756 1807 768 1825 ,
826 1777 1065 1833 vicinaeque
1119 1776 1306 1819 efferatae
1361 1787 1501 1834 gentes

134 1832 254 1875 bellis
291 1833 512 1875 instructae
546 1833 821 1876 Etruscorum
859 1834 1028 1876 beatum
1061 1834 1460 1883 invidentes-solum
1485 1869 1499 1887 ,

134 1892 304 1933 illorum
341 1891 644 1945 rempublicam
660 1908 681 1934 a
698 1891 974 1935 fundamentis
1005 1901 1187 1937 evertere
1209 1895 1381 1937 omnino
1401 1910 1496 1937 con·

140 1951 326 1991 stituunt.
360 1948 471 1991 Galli
506 1950 719 2008 primum,
757 1951 826 2009 qui
861 1953 920 1996 cis
957 1951 1082 2008 Alpes
1118 1952 1353 1995 incolebant
1401 1955 1419 2008 (
1454 1967 1500 1995 ea

137 2023 240 2064 gens
265 2017 364 2050 tuno
393 2010 586 2066 temporis
619 2010 885 2054 celeberm‘ma
904 2041 920 2061 „
962 2019 1003 2052 et
1043 2009 1092 2053 ad
1120 2011 1317 2054 militares
1339 2011 1501 2054 labores

137 2076 295 2108 assueta
333 2066 375 2107 in
406 2066 604 2111 Etruscos
640 2070 798 2127 irruit)
841 2069 1009 2112 illorum
1040 2069 1163 2128 opi‘da
1194 2070 1418 2113 fortissima
1440 2070 1497 2112 di-

136 2123 288 2181 ripiunt
309 2155 322 2175 ,
358 2134 478 2183 atque
511 2128 773 2185 populantur.

251 2183 335 2225 Vix
370 2183 564 2228 Romanis
600 2188 698 2229 ortis
719 2220 732 2238 ,
764 2197 803 2230 et
836 2189 1017 2232 Romulo
1039 2188 1177 2246 primo
1193 2189 1360 2231 illorum
1384 2190 1496 2246 Rege

129 2256 230 2285 oum
265 2239 528 2289 Fidenatibus
548 2277 562 2298 ,
587 2257 629 2290 et
659 2247 907 2291 Veientibus
939 2248 1095 2292 bellum
1131 2258 1311 2304 gerente,
1347 2264 1394 2291 eo
1431 2263 1493 2290 res

1124 2308 1146 2332 ᾗ
