1920 2579
1453 161 1466 191 ι
1512 164 1525 192 1

159 204 461 249 enarrationem
492 201 601 245 haud
632 202 834 258 integram
865 218 962 256 esse,
979 217 1102 246 nemo
1132 211 1194 246 est
1225 217 1349 261 quem
1381 166 1532 260 latea9t‚

159 280 256 307 curn
288 265 387 305 haec
420 262 610 304 historiae
642 275 733 315 pars
765 261 953 321 pluribus
985 262 1134 304 abhinc
1165 262 1335 306 saeculis
1367 265 1532 306 interci-

156 323 292 373 derit,
323 321 560 375 praesertim
611 319 682 361 ubi
713 319 763 361 de
794 320 999 376 Palaepoli
1032 320 1154 363 verba
1176 322 1271 363 facit
1294 323 1468 379 scriptor
1487 321 1532 368 il-,

163 381 225 423 le:
258 382 354 423 binc
388 378 570 421 eiusdem
603 379 736 436 operis
770 393 861 436 pars
892 378 942 421 ad
979 394 1052 420 nos
1085 380 1197 422 haud
1230 383 1427 437 pervenit.

273 440 337 482 Ex
371 439 432 479 his
465 451 592 493 usque
626 435 752 480 modo
782 453 805 479 a
838 437 953 480 nobis
986 439 1113 481 allatis
1144 440 1394 496 argumentis
1415 470 1427 492 ,
1459 442 1532 482 Pa-

155 498 345 557 laepolim
379 496 525 538 urbem
552 509 576 536 a
609 495 788 552 Neapoli
820 495 1082 538 differentem
1105 498 1226 539 fuisse
1245 499 1340 539 satis
1362 497 1530 539 coniici-

156 567 253 610 tur,
285 564 380 603 cum
414 554 571 599 diversa
604 554 799 611 primitus
832 555 1011 606 moenia,
1045 555 1531 612 differentesquebabuess

159 617 211 656 rit
248 615 500 670 magistratus
519 648 534 668 ‚
565 614 756 670 quamvis
787 615 910 655 unius
938 613 1064 656 fuerit
1093 614 1259 671 originis
1299 624 1524 672 utrumque

156 673 360 730 opidum³
395 683 434 716 et
465 682 604 729 postea
638 672 681 714 in
715 672 847 714 unum
878 671 1085 715 coaluerit.

563 787 934 840 CAPUT
1013 787 1104 838 111.

153 917 230 957 De
263 917 372 957 urbis
405 924 603 957 vetustae
633 918 816 966 ambitu,
855 917 910 958 de
930 916 1116 957 moeniis
1135 917 1393 969 fortissimis
1414 949 1428 969 ,
1446 918 1534 960 eta*

218 974 475 1029 quibusnam
511 974 684 1024 fuerint
714 983 987 1015 restaurata:
1026 973 1082 1013 de
1112 975 1257 1030 portis
1303 977 1493 1034 antiquis
1513 1008 1529 1028 9

217 1031 272 1072 de
311 1030 584 1084 maronibus,
624 1031 680 1073 de
718 1031 799 1074 viis
841 1031 1130 1090 praecipuis,
1175 1033 1314 1092 deque
1349 1035 1537 1093 singulis

195 1144 198 1145 ⁷
221 1088 446 1134 Phratru's.

186 1260 189 1262 ,
276 1208 487 1249 Hactenus
520 1206 757 1251 incessimus
789 1221 861 1265 per
894 1209 1097 1252 incertum
1128 1206 1239 1261 iter,
1277 1217 1458 1251 vetustae
1476 1209 1537 1256 iri-7

163 1277 229 1308 ter
261 1265 399 1323 potius
434 1267 689 1324 antiquitatis
722 1265 879 1309 fabulas
902 1298 915 1318 ,
946 1282 1074 1325 quam
1108 1281 1251 1310 veram
1281 1268 1492 1310 historiam
1516 1298 1532 1320 ,

164 1325 322 1367 incerto
356 1338 516 1381 semper
565 1326 755 1379 lumine,
786 1336 909 1383 atque
939 1326 1074 1370 duce:
1129 1325 1169 1367 in
1216 1327 1539 1369 tenebrosiorem

163 1384 290 1425 modo
322 1382 554 1425 incidemus
584 1384 859 1441 quaestionem
881 1415 894 1436 ,
926 1385 1097 1443 quinam
1119 1383 1271 1427 scilicet
1290 1385 1416 1427 fuerit
1436 1389 1542 1428 Nea->

164 1443 366 1498 politanae
398 1441 512 1484 urbis
545 1442 755 1494 ambitus,
790 1443 972 1501 aliaeque
1003 1443 1176 1485 huiusce
1208 1445 1320 1486 urbis
1353 1455 1500 1500 partes.

281 1500 465 1541 Primum
499 1500 549 1542 de
568 1500 724 1542 ambitu
746 1501 961 1559 scriptores
985 1503 1106 1558 patrii
1124 1503 1188 1542 alii
1211 1503 1282 1543 alia
1305 1511 1534 1551 senserunt,
1553 1498 1634 1524 ‘⁷¹⁴³‘
1656 1503 1750 1523 '⁰⁸⁸¹'

163 1557 424 1615 diversasque
456 1559 617 1599 iverunt
650 1560 691 1599 in
724 1560 953 1602 sententias.
975 1555 1289 1603 luxta‘Fabium
1310 1560 1536 1602 Iordanum

163 1615 320 1674 liquet,
358 1617 552 1672 antiquae
584 1617 694 1668 urbis
728 1619 888 1660 moenia
936 1633 983 1660 ex
1024 1619 1239 1665 occidente
1287 1619 1537 1676 principium

164 1676 379 1731 sumpsisse
411 1675 531 1717 ab'S.
565 1676 726 1732 Agnelli
756 1676 934 1719 Ecclesia
955 1709 966 1729 ‚
1000 1691 1044 1717 ac
1078 1677 1173 1719 inde
1209 1692 1278 1734 per
1298 1679 1408 1719 viam
1444 1677 1540 1718 suis-

167 1747 206 1772 se
239 1733 436 1788 producta
461 1764 474 1783 ‚
508 1748 612 1790 quae
641 1746 811 1779 vocatur
840 1735 884 1778 S.
917 1737 1070 1778 Maria
1092 1736 1140 1777 di
1154 1737 1533 1791 Costanlinopoli:

167 1789 262 1829 hinc
293 1800 453 1831 extensa
486 1792 626 1832 eadem
664 1807 734 1847 per
765 1795 804 1834 S.
837 1794 1005 1835 Petrum
1041 1793 1092 1834 ad
1126 1794 1330 1848 Maiellam
1354 1825 1366 1844 ,
1398 1795 1438 1834 S.
1455 1794 1537 1835 Do·

171 1847 599 1891 minicumMaiorem
620 1881 631 1900 ,
665 1850 702 1891 S,
736 1849 938 1905 Angelum
969 1850 1018 1891 ad
1053 1851 1240 1901 Nidum,
1296 1861 1334 1891 et
1368 1851 1537 1892 tandem

168 1921 297 1961 usquc
328 1906 380 1948 ad
414 1907 635 1950 Ecclesiam
668 1910 708 1950 S.
743 1908 998 1967 Hieronymi.
1033 1907 1424 1959 Celanus,'Giorn.
1478 1909 1549 1951 11.-

171 1963 239 2004 ubi
273 1964 453 2020 adsurgit
484 1966 524 2009 S.
555 1967 763 2008 Dominiei
796 1966 992 2008 obeliscus
1017 1999 1028 2017 ,
1061 1968 1183 2022 vulgo
1215 1968 1259 2008 la
1297 1968 1461 2026 Gztglz'a
1494 1967 1542 2008 di

170 2022 214 2063 S.
246 2025 519 2082 Domenico‚
550 2024 648 2066 olim
684 2035 840 2082 reperta
874 2025 1047 2068 fabricae
1081 2025 1255 2077 rudera,
1289 2037 1411 2083 atque
1446 2026 1539 2066 heic

172 2080 293 2123 fuisse
326 2093 505 2123 vetustae
540 2084 649 2125 urbis
685 2094 842 2140 portam
875 2084 1097 2126 arbitratur
1118 2115 1130 2134 ,
1162 2099 1288 2140 quam
1321 2086 1406 2141 ipse
1461 2085 1538 2126 Re-

170 2139 274 2191 giam
305 2141 490 2197 appellat.
523 2141 720 2184 Tutinius
752 2142 874 2184 tradit
905 2144 947 2184 in
980 2145 1074 2196 via,
1107 2159 1210 2200 quae
1241 2143 1391 2186 dieitur
1412 2144 1538 2185 Mez-

171 2200 224 2238 io
261 2198 467 2254 Crannone
498 2201 620 2242 fuisse
651 2203 750 2244 olim
783 2201 901 2243 aliam
920 2213 1078 2259 portam
1097 2233 1112 2253 ,
1150 2217 1271 2258 quam
1295 2203 1533 2253 ventosam,

173 2256 213 2296 et
245 2258 443 2300 Liciniam
475 2270 605 2302 vocat.
637 2260 701 2301 Ex
734 2259 901 2302 meridie
932 2275 1024 2302 vero
1057 2262 1218 2303 moenia
1266 2260 1540 2317 procedebant

173 2319 245 2372 Fer
278 2317 409 2371 viam,
441 2333 544 2375 quae
575 2320 698 2376 vulgo
729 2320 888 2367 Meua
923 2319 1156 2363 Carmone:
1190 2319 1285 2362 hinc
1318 2335 1388 2378 per
1425 2318 1535 2365 aedi÷

1591 1535 1714 1560 ambit-a.
