1920 2579
327 88 407 135 106
603 127 610 133 ,

321 154 488 194 citatum
522 139 725 191 Florum,
756 132 932 178 aliorum
963 130 1088 177 etiam
1119 127 1372 187 scriptorum
1404 130 1553 179 adsunt
1567 145 1704 179 auctos
1757 146 1762 153 ·

321 212 472 252 ritates.
506 200 567 243 cl.
600 199 764 254 Ignarra
799 192 849 234 de
880 189 1085 235 Palaestra
1117 192 1251 246 Neap.
1284 204 1378 248 pag.
1420 194 1501 238 188
1535 206 1574 239 et
1593 209 1705 253 seqq.

321 264 467 328 procul
498 259 626 299 <lubio
658 264 820 302 censet,
855 253 957 291 hanc
988 252 1136 294 urbem
1172 258 1266 306 post
1298 250 1381 291 Titi
1423 260 1710 312 tempestatem

323 339 467 370 rursus
499 317 736 359 habitatam.
771 312 855 365 Qui
888 309 1060 367 quidem
1090 319 1238 353 auctor
1270 309 1366 351 alibi
1396 313 1547 366 sentit,
1596 313 1712 355 Pom.

325 388 436 444 peios
469 375 704 436 praesertim
735 384 926 428 quamvis
959 373 1208 413 emorienies
1241 382 1368 426 usque
1400 369 1453 411 ad
1484 370 1713 413 Theodosi,

324 460 418 487 cum
451 438 571 480 fuisse
604 447 736 487 regem
758 461 770 483 7
801 431 873 486 qui
907 427 1005 469 Vixit
1057 428 1221 472 saeculo
1252 440 1398 483 quinto
1432 430 1613 472 elabente
1661 428 1712 470 ab

326 499 500 549 Ecclesia
535 491 763 536 Christiana
794 487 972 528 condita.
1004 487 1152 532 Vnum
1204 491 1348 542 procul
1394 487 1523 530 dubio
1545 523 1560 544 ,
1597 488 1715 546 quod

329 572 517 607 nostrum
549 550 764 594 confirmat
795 556 1089 602 argumentum
1110 581 1122 603 ‚
1158 555 1217 587 est
1248 545 1349 587 illud
1383 549 1496 605 quod
1528 547 1569 588 in
1589 548 1713 589 huiu-

329 638 394 665 sce
426 616 538 658 urbis
570 609 696 652 ruinis
729 617 887 662 reperta
919 605 1149 649 identidem
1185 616 1453 648 monumenta
1486 607 1680 648 nonnulla

330 695 431 740 quae
463 670 626 716 nonnisi
659 676 750 724 post
783 666 924 705 'situm
956 676 1146 718 spectant
1176 674 1349 705 aetatem
1376 694 1390 714 .,
1426 665 1541 721 quod
1585 638 1715 719 magi}

326 738 476 797 probat
511 729 760 783 Pompeios,
793 734 833 763 et
864 720 1174 765 Herculaneum
1206 737 1279 780 per
1309 723 1431 765 aliam
1449 721 1634 781 profecto
1651 737 1717 764 ex.

330 798 456 839 titisse
487 794 784 843 tempestatem.

449 851 608 892 Verum
640 844 702 884 115⁵
732 838 928 881 omnibus
957 836 1072 881 haud
1121 836 1382 884 obstantibus
1437 839 1685 896 argumentis

334 909 552 959 Iannellius
585 903 754 946 Dissert.
786 900 826 938 iu
845 895 1043 939 Codicem
1058 901 1316 942 Perottinum
1337 916 1426 957 pag.
1447 903 1532 952 ,164
1548 910 1587 940 et
1603 871 1718 954 seqq?

337 973 511 1033 probare
541 963 688 1005 nititur
719 956 919 1013 praefatas
951 955 1073 997 urbes
1108 958 1268 1009 penitus
1301 959 1497 1001 corruisse
1539 972 1611 998 nee
1625 972 1712 997 am-

338 1032 445 1091 plius
477 1033 569 1083 post
600 1016 702 1061 illud
734 1016 855 1056 fnisse
875 1025 1051 1070 tempuS.
1083 1013 1246 1058 Harum
1278 1018 1446 1060 urbium
1462 993 1603 1058 ta'men
1637 1029 1727 1069 par-

341 1103 424 1133 tem
475 1079 770 1128 reaedificatam
819 1088 938 1123 esse,
986 1071 1270 1131 opidanosque
1297 1076 1385 1117 illas
1415 1076 1578 1118 vicatim
1611 1071 1727 1114 habi-

345 1161 449 1192 tasse
481 1142 622 1186 saltem
654 1134 867 1193 probabile
899 1143 982 1171 esse
1013 1130 1070 1169 ait
1101 1130 1248 1174 citatus
1278 1147 1435 1178 auctor.

464 1200 617 1246 Statius
648 1194 718 1236 lib.
752 1194 825 1236 IV.
857 1204 936 1230 car.
969 1190 994 1230 3
1028 1188 1123 1229 Silv.
1173 1192 1323 1235 harum
1370 1193 1539 1237 urbium
1589 1189 1727 1232 ruinas

344 1265 632 1311 commiserans
662 1287 679 1308 ,
730 1254 840 1296 0³12st
874 1280 891 1301 ,ο
944 1247 1174 1290 Vesuvium
1236 1261 1423 1296 montem
1466 1251 1731 1294 flammarum

345 1326 486 1385 globos
533 1338 555 1363 e
600 1328 710 1358 terra
760 1313 998 1355 evellentem
1056 1306 1110 1348 ad
1159 1312 1292 1353 coelos
1319 1343 1337 1365 ,
1379 1326 1471 1355 saxa
1535 1306 1731 1350 immania

345 1384 582 1434 sustulisse,
629 1388 853 1428 earumque
901 1366 1067 1409 usblum
1096 1367 1365 1413 fundamenta
1410 1371 1530 1425 longe
1567 1367 1731 1422 lateque

346 1444 571 1500 dissipasse.
619 1434 818 1479 Martialis
868 1427 941 1488 qui
990 1424 1132 1469 floruit
1164 1440 1257 1485 post
1303 1427 1550 1472 Herculanei
1572 1457 1584 1478 ‚
1642 1425 1736 1465 3110.

348 1516 530 1558 rumque
563 1495 786 1553 opidorum
821 1494 958 1534 ruinas
988 1483 1089 1526 flens
1121 1487 1266 1529 cecinit
1295 1489 1436 1546 Epigr.
1469 1485 1541 1527 lib.
1565 1484 1638 1525 IV.
1664 1489 1733 1534 44.

465 1564 626 1601 Cuncta
658 1555 802 1594 iacent
821 1547 1056 1604 flammis,
1092 1556 1135 1588 et
1166 1547 1275 1589 tristi
1308 1561 1454 1589 mersa
1480 1544 1641 1597 favilla
1667 1571 1679 1593 ,

463 1616 565 1657 Nec
604 1616 751 1667 superi
782 1611 948 1650 vellent
976 1606 1056 1645 Ιιοο
1090 1604 1266 1645 licuisse
1290 1605 1382 1646 sihi.

470 1675 696 1730 Repertum
727 1668 805 1708 fuit
840 1665 978 1707 multis
1009 1662 1158 1702 abhinc
1190 1663 1306 1703 annis
1326 1673 1524 1710 marmor,
1545 1655 1616 1698 sed
1631 1665 1737 1696 tem-

353 1736 468 1794 poris
498 1730 670 1773 colluvie
699 1726 888 1772 vitiatum
909 1755 923 1774 ‚
952 1721 1067 1778 quod
1098 1721 1194 1762 olim
1228 1722 1553 1762 Herculanenses
1583 1716 1625 1755 in
1644 1713 1736 1754 foro

354 1799 449 1839 Tito
482 1788 724 1845 Vespasiani
770 1784 856 1826 filio
888 1781 1137 1823 dedicatam·
1172 1778 1236 1819 Ex
1267 1793 1316 1821 eo
1349 1778 1441 1820 satis
1472 1783 1653 1831 apparet,
1677 1773 1735 1826 ip-

354 1871 445 1898 sum
479 1853 776 1904 Imperatorem
807 1843 921 1885 urbis
953 1850 1114 1897 partem
1149 1854 1170 1880 e
1202 1836 1477 1880 fundamentis
1525 1842 1742 1874 restauras·

358 1929 396 1956 se
426 1930 447 1953 a
480 1906 655 1951 flammis
686 1906 783 1945 anni
813 1901 986 1951 XL1113
1019 1910 1060 1940 et
1090 1897 1327 1954 putandum
1345 1891 1544 1950 temporis
1565 1901 1746 1947 progres-

361 1988 407 2013 su
441 1971 536 2011 alios
570 1963 838 2023 reperiundos
872 1974 955 2003 esse
984 1956 1140 2013 lapides
1166 1986 1182 2008 ,
1235 1956 1306 2011 qui
1338 1966 1425 1995 rem
1451 1947 1624 1991 eandem
1645 1959 1744 1987 con-

363 2031 543 2072 firment.

146 2108 253 2148 Colonia
272 2124 283 2146 Α,
321 2106 346 2127 ει
480 2089 563 2128 Iam
598 2095 722 2140 supra
754 2077 1038 2123 narravimuS,
1071 2071 1272 2115 Samnites
1303 2068 1404 2114 olim
1434 2067 1510 2108 hac
1531 2062 1632 2105 urbe
1652 2060 1748 2103 fuis-

148 2145 333 2177 ¹¹²¹⁰¹’³¹''⁸'¹'·
366 2163 407 2189 se
440 2145 674 2186 dominatos
695 2171 709 2191 ,
742 2150 961 2195 quousque
993 2132 1142 2174 Graeci
1174 2145 1257 2171 non
1289 2130 1425 2171 solum
1455 2126 1578 2173 hanc,
1608 2134 1751 2162 verum

370 2207 492 2247 etiam
526 2215 563 2244 et
594 2203 690 2243 alias
723 2196 976 2253 Campaniae
1006 2192 1129 2235 urbes
1162 2195 1428 2244 occuparunt.
1478 2178 1753 2236 Quandoqui-

371 2266 466 2307 dem
498 2262 727 2304 Graiorum
762 2271 887 2313 genus
922 2267 970 2296 ex
1005 2247 1343 2294 Chalcidensibus
1374 2242 1452 2287 illis
1481 2239 1624 2282 iisdem
1641 2237 1719 2279 fuit
1738 2264 1753 2286 ,
