1920 2579
1418 143 1497 193 189

121 196 317 240 intestinis
353 196 675 247 Saracenorum,
707 205 746 236 et
779 196 1009 238 vicinorum
1053 194 1286 253 principum
1324 197 1506 250 invidia,

125 267 162 297 et
197 271 313 296 causa
352 257 621 296 Beneventani
653 254 705 295 ad
739 265 965 296 extremum
1002 253 1152 296 redacti
1194 254 1373 298 fuerunt.
1408 258 1508 298 Ate-

125 313 263 355 nulfus
295 325 393 353 tunc
415 313 646 369 Campanus
679 314 866 369 princeps
899 327 993 353 cum
1029 312 1168 354 vicinis
1196 313 1360 369 populis
1379 330 1507 371 usque

125 373 203 413 fuit
249 370 492 426 praeliatus,
539 381 578 412 et
631 371 851 428 praecipue
899 385 996 412 cum
1050 372 1376 424 Beneventanis,
1434 374 1507 430 qui

135 430 410 485 principatum
439 428 649 484 Campano
682 445 727 471 ex
764 444 810 469 eo
833 439 1015 484 tempore
1048 429 1271 470 coniunxit.
1304 430 1405 473 Eius
1424 432 1508 474 duo

131 488 202 528 filii
238 488 456 529 Atenulfus
477 519 491 539 ,
529 498 568 528 et
599 487 829 529 Landolfus
859 497 973 543 patre
1005 497 1173 530 mortuo
1215 488 1266 528 Cr.
1281 505 1504 546 a-panum,

127 548 543 601 Beneventanumque
571 546 845 604 principatum
878 545 999 588 simul
1031 560 1189 599 rexere,
1219 545 1271 587 ab
1303 562 1413 591 anno
1434 549 1507 590 sci-

129 605 221 646 licet
254 603 516 646 DCCCCXI.

242 662 293 702 L.
325 661 442 703 Circa
490 677 645 704 annum
680 661 862 706 MXVII.
908 663 970 703 vel
1003 662 1215 706 MXVIII.
1266 663 1318 704 ab
1376 664 1504 708 Medii

128 720 218 764 AEvi
249 721 516 775 scriptoribus
563 723 900 762 Normannorum
949 721 991 762 in
1041 722 1196 762 Italiam
1252 735 1506 766 memoratur

130 779 355 822 adventus:
388 779 553 833 quidem
589 780 752 820 illorum
787 795 834 820 ex
866 779 1021 820 oriente
1053 781 1095 820 in
1125 779 1300 835 patriam
1336 781 1510 823 redeun-

130 849 219 890 tes,
269 836 319 877 ad
351 837 615 879 Salernitanas
663 852 754 878 oras
799 837 1194 893 adpropinquarunt.
1234 840 1508 882 salernitano-

128 911 221 936 rum
254 905 351 935 tunc
385 896 478 936 Dux
509 907 593 937 erat
626 895 889 937 Guaimarius
922 895 993 938 III.
1029 897 1098 951 qui
1131 895 1299 937 Graecis
1323 928 1337 948 ,
1372 909 1409 938 et
1432 899 1503 940 Sa-

126 953 277 994 racenis
310 955 483 995 maxime
516 965 599 995 erat
630 954 822 996 infensus.
867 956 915 995 In
971 954 1141 1010 patriam
1186 955 1359 996 redeunt
1391 959 1502 999 Nor-

126 1011 292 1064 manni3
325 1011 418 1052 hinc
450 1012 631 1053 eiusdem
666 1012 889 1067 principis,
939 1022 978 1052 et
1011 1013 1228 1068 praecipue
1283 1013 1502 1056 Salernita-

127 1085 278 1112 norum
312 1070 476 1111 hortatu
508 1071 743 1111 adveniunt.
778 1072 999 1112 Graiorum
1055 1086 1116 1112 res
1139 1070 1202 1110 ”in
1256 1072 1368 1111 Italia
1390 1104 1403 1121 ,
1458 1085 1497 1115 et

125 1127 490 1182 Langobardorum
526 1140 623 1168 tunc
656 1130 815 1183 penitus
861 1127 1057 1168 extinctae
1110 1127 1221 1167 fuer-e
1278 1145 1350 1184 per
1396 1131 1503 1173 Nor—

125 1201 297 1229 mannos
320 1221 334 1239 ,
366 1187 437 1241 qui
471 1186 819 1229 Salernitanorum
853 1186 1004 1227 auxilio
1046 1196 1188 1227 contra
1223 1185 1397 1240 Graios,
1432 1191 1504 1232 Sa-

125 1259 371 1300 racenosque
402 1260 519 1302 saepe
549 1247 671 1286 armis
703 1256 956 1287 conseruere.
997 1245 1253 1286 Memoratur
1287 1247 1390 1287 circa
1426 1263 1498 1290 an-

124 1318 225 1344 num
260 1303 453 1346 MXXIX.
488 1318 618 1346 novae
655 1303 767 1344 urbis
799 1303 1054 1352 aedificatio,
1087 1305 1239 1344 Aversa
1274 1319 1418 1360 nempe
1450 1308 1501 1349 ab

126 1362 267 1402 iisdem
302 1361 551 1402 Normannis
590 1362 767 1403 condita.
817 1362 989 1403 Eorum>
1025 1362 1119 1402 Dux
1152 1361 1358 1403 Robertus
1398 1362 1504 1406 Gui-

126 1419 290 1461 scardus
324 1421 384 1459 vir
422 1420 560 1461 animo
593 1421 843 1472 acerrimus,
877 1419 1079 1458 celeritate
1109 1421 1285 1460 bellandi
1322 1422 1503 1464 fortuna-

128 1489 192 1518 tus
214 1509 227 1527 ,
268 1487 306 1516 et
339 1478 488 1518 virtute
525 1479 694 1518 eximius
728 1493 834 1518 anno
870 1477 1026 1518 MLIX.
1059 1478 1234 1532 Apuliae
1266 1480 1356 1519 Dux
1393 1480 1498 1536 eligi·

126 1547 225 1584 tur,
256 1537 326 1590 qui
360 1539 552 1592 temporis
584 1551 797 1594 progressu
833 1547 957 1577 totam
1002 1534 1156 1577 ltaliam
1190 1537 1499 1582 meridionalem

126 1595 249 1634 armis
283 1593 448 1636 devicit.

244 1649 312 1693 LIss
347 1651 539 1707 Rogerius
573 1653 733 1693 interim
767 1652 935 1693 Roberti
968 1651 1092 1693 frater
1124 1668 1217 1694 cum
1252 1654 1292 1694 in
1324 1655 1498 1698 Siciliam

130 1711 376 1759 traiecisset,
408 1725 531 1764 quam
563 1712 747 1752 Saraceni
782 1711 966 1767 pluribus
999 1710 1147 1751 abhinc
1180 1714 1295 1753 annis
1328 1730 1502 1770 occupa-

129 1770 224 1810 bant
245 1799 257 1815 ,
292 1785 408 1825 parva
447 1771 621 1811 militum
652 1784 777 1827 manu
810 1770 945 1810 effecit
967 1800 979 1821 ,
1009 1780 1076 1810 ⁴ut>
1099 1769 1221 1810 iidem
1257 1772 1376 1814 armis
1409 1788 1501 1815 cou-

129 1829 217 1868 latis
250 1827 377 1867 insula
412 1827 606 1878 abierint,
641 1838 851 1883 totamque
902 1829 940 1867 in
993 1844 1104 1868 suam
1161 1830 1361 1884 redegerit
1396 1843 1506 1887 pote·

128 1897 269 1926 statem
307 1900 414 1924 anno
455 1886 628 1928 MLXH.
663 1895 700 1926 et
733 1885 888 1926 Siciliae
919 1886 1067 1927 Comes
1117 1887 1238 1927 fuerit
1287 1889 1497 1931 salutatus.

129 1946 273 1986 Postea
305 1944 388 1984 cius
422 1943 529 1986 filius
569 1945 763 2000 Rogerius
802 1943 979 1985 eiusdem
1016 1944 1225 1995 nominis,
1255 1960 1347 1987 cum
1383 1948 1504 1988 etiam

128 2001 298 2058 Apuliae
332 2004 513 2044 Ducatus
561 2004 595 2044 ei
628 2004 745 2043 datus
776 2013 904 2054 esset,
953 2003 1106 2060 quippe
1157 2003 1268 2060 quod
1300 2004 1504 2051 Rnbertus

131 2060 380 2103 Guiscardus
413 2077 508 2103 cum
544 2061 700 2102 nullum
739 2072 967 2116 susceperat
998 2060 1161 2114 filium,
1197 2072 1293 2103 tunc
1327 2064 1441 2119 Regis
1460 2067 1507 2116 ti-¹

131 2119 218 2161 tulo
254 2119 331 2159 fuit
365 2120 574 2174 insignitus
602 2134 718 2161 anno
759 2120 980 2162 MCXXX.
1010 2130 1132 2175 atque
1183 2120 1502 2176 Neapolitanum

131 2178 311 2231 Regnum
344 2177 521 2220 duarum
553 2179 778 2220 Siciliarum
814 2180 980 2220 nornine
1012 2178 1090 2218 fuit
1121 2179 1376 2222 decoratum.
1415 2182 1504 2236 Ipse

130 2237 249 2275 etiam
285 2235 425 2277 urbem
459 2237 675 2295 Neapolim
707 2236 780 2277 sibi
813 2236 907 2278 fecit
939 2236 1172 2292 vectigalem
1192 2270 1207 2288 ,
1252 2254 1355 2294 qnae
1386 2250 1503 2280 antea

128 2294 336 2351 Ducatun}
367 2295 583 2358 efficiebat,
613 2298 714 2354 Post
743 2295 970 2353 Rogerium
1016 2306 1236 2354 regnarunt
1270 2296 1507 2342 Gulielmus
