1920 2579
391 201 593 253 lacubus,
629 202 760 254 villis,
791 212 913 260 atque
945 202 1183 245 montibus:
1220 218 1328 245 nunc
1359 202 1436 244 hoc
1468 202 1597 260 capite
1618 201 1751 245 vicina

387 259 659 300 describemus
696 260 795 301 loca.

200 320 338 344 ”immm-
506 319 903 359 Psimmnoccurrit·
935 319 1159 360 Misenense
1183 319 1506 374 prom-,morium
1529 318 1616 376 (1),
1639 319 1752 374 quod

387 375 509 415 veluti
552 377 756 417 montium
792 379 1115 433 propinquorum
1152 393 1215 419 rex
1255 393 1376 433 supra
1417 393 1524 417 mare
1555 376 1748 430 adsurgit.

386 433 475 472 Hoc
510 434 614 473 inter
652 434 901 475 occidentem
935 446 1022 486 est,
1063 446 1102 474 et
1136 436 1343 475 meridiem
1383 435 1589 475 Puteolani
1613 435 1751 486 sinus,

379 490 490 546 quo-d
527 507 674 532 nomen
710 506 730 530 a
768 492 922 532 Miseno
956 496 1106 534 AEneae
1138 495 1276 543 sociO,
1312 504 1350 532 et
1391 492 1553 533 tibicine
1593 490 1668 547 ipsi
1688 492 1751 532 in-

377 549 509 588 ditum
548 561 604 588 est
626 580 637 598 ‚
669 549 808 603 ibique
845 557 1048 590 tumulato
1069 581 1081 599 ,
1123 563 1166 592 ut
1198 566 1244 591 ex
1278 551 1504 591 Mantuano
1555 560 1644 590 vate
1677 564 1744 589 ca-

378 616 499 647 nente
535 617 690 647 constat
727 607 818 648 AEn.
858 608 932 648 VI.
968 625 1006 651 v.
1044 610 1130 648 282

494 722 554 761 At
581 722 682 775 pias
716 720 887 761 AEneas
920 723 1084 777 ingenti
1115 724 1232 762 mole
1268 723 1539 777 sepulchrum

491 778 705 833 Impom't,
740 793 899 832 suaque
929 795 1055 819 arma
1090 782 1215 831 viro,
1237 795 1500 837 remumque,
1522 782 1749 839 tubamque

492 836 645 878 Monte
673 837 750 877 sub
786 843 904 878 aerio
925 868 937 886 ,
973 838 1047 893 (μιί
1081 853 1197 878 manc
1229 843 1425 879 Misenus
1455 840 1508 878 ab
1539 840 1617 880 illo

491 895 692 945 Dicitur,
727 906 1033 951 aeternumque
1068 905 1180 936 tenet
1210 911 1289 951 per
1319 897 1499 937 saecula
1535 911 1717 938 nomen.

375 1010 531 1050 Verum
563 1010 670 1050 iuxta
712 1013 894 1052 Maronis
922 1022 1098 1052 mentem
1136 1027 1216 1052 non
1254 1011 1343 1051 heic
1375 1012 1602 1052 tumulatus
1646 1011 1748 1052 tibi·

374 1082 449 1107 een
483 1068 660 1108 Misenus
680 1099 695 1117 ,
739 1070 807 1107 sed
839 1085 961 1124 supra
984 1064 1141 1109 >aliam⁵⁴⁵
1159 1070 1428 1125 promontorii
1447 1081 1615 1124 partem,
1637 1085 1745 1126 quae

375 1139 486 1165 nunc
524 1125 675 1165 dicitur
708 1130 861 1167 Monte
893 1126 937 1166 dt
975 1126 1195 1179 Procida,
1237 1127 1346 1169 haud
1387 1127 1573 1169 obstante
1598 1139 1741 1184 poetae

375 1346 508 1387 fuisse,
534 1358 618 1380 cum
640 1345 759 1381 adhuc
787 1355 905 1380 nostra
933 1352 1048 1381 aetate
1076 1345 1280 1381 vulcanicas
1323 1347 1506 1381 continere
1552 1346 1717 1382 materias
1735 1376 1747 1393 ‚

375 1408 467 1444 quae
495 1396 622 1444 passim
651 1408 756 1443 snper
784 1395 849 1429 hoc
878 1405 1000 1430 monte
1025 1394 1294 1443 adspiciuntur,
1325 1398 1525 1431 evincatur.

475 1447 531 1493 (1)
558 1443 614 1479 Cl.
640 1443 1026 1487 Scottus,'Dissertaz.
1055 1444 1208 1492 Corogr.
1238 1444 1273 1480 di
1302 1446 1414 1480 Pozz.
1442 1458 1460 1480 e
1488 1446 1603 1481 Cuma
1627 1472 1635 1487 ‚
1667 1458 1750 1494 pag.

378 1496 448 1540 23,
476 1503 509 1530 et
537 1508 635 1543 seqq.
665 1495 787 1530 solidis
815 1494 1039 1542 argumentis
1067 1496 1217 1543 probare
1248 1496 1394 1538 nititur,
1434 1495 1502 1530 hoc
1547 1495 1752 1531 Misenense

374 1552 662 1593 promontorium
690 1558 761 1579 non
789 1543 897 1579 fuisse
926 1544 1015 1579 illud
1043 1558 1061 1578 a
1104 1545 1259 1593 Virgilio
1309 1545 1506 1580 iudicatum
1526 1572 1536 1588 ‚
1575 1543 1633 1579 sed
1675 1557 1751 1580 esse

375 1597 516 1643 proprie
545 1594 822 1642 intelligendum
851 1593 969 1635 aliud,
997 1592 1096 1642 quod
1126 1607 1223 1628 nunc
1266 1594 1407 1641 vulgari
1450 1594 1576 1640 lingua
1613 1591 1750 1629 dicitur

375 1646 504 1679 illonte
531 1645 574 1679 dl
598 1644 776 1685 Proeida,
804 1645 968 1691 pretiosis
995 1643 1181 1678 abundans
1211 1643 1407 1678 hodiedum
1435 1643 1542 1677 vinis.
1572 1641 1750 1689 Virgilius

375 1693 473 1729 haud
501 1694 605 1729 aliter
634 1693 808 1728 intellexit
832 1707 840 1728 :
871 1692 1072 1728 describens
1099 1694 1195 1727 enim
1223 1693 1351 1728 AEneae
1379 1692 1573 1727 adventum
1615 1692 1657 1726 ad
1695 1694 1751 1728 vi-

377 1745 497 1779 cinam
525 1745 652 1779 urbem
680 1743 835 1787 Cumas,
866 1752 901 1777 et
928 1743 1002 1778 loca
1029 1742 1074 1776 ah
1102 1743 1174 1791 ipso
1206 1744 1297 1784 visa,
1325 1750 1360 1777 et
1396 1741 1573 1789 Sibyllam
1598 1768 1609 1784 ‚
1659 1739 1747 1777 liaec:

381 1795 527 1829 nonnisi
557 1795 591 1828 in
619 1792 781 1827 Cumana
811 1804 869 1827 ora
896 1793 1052 1828 extitisse
1083 1791 1213 1827 innuit.
1258 1792 1356 1827 Idem
1395 1800 1486 1827 vates
1528 1792 1751 1827 Mantuanus

382 1851 493 1880 totam
522 1843 652 1879 Miseni
681 1842 836 1877 tibicinis
863 1841 1048 1877 historiam
1077 1854 1247 1886 narrans,
1275 1849 1308 1878 et
1335 1842 1501 1890 exequias
1525 1867 1535 1885 ,
1564 1841 1683 1875 omnia
1713 1854 1751 1876 e-

378 1897 515 1930 venisse
543 1906 648 1939 snper
677 1892 826 1927 eandem
855 1904 952 1926 oram
980 1893 1104 1936 canit,
1134 1905 1218 1927 cum
1247 1894 1450 1941 praesertim
1479 1891 1577 1939 ligna
1605 1899 1686 1936 apta
1704 1890 1750 1925 ad

379 1957 507 1993 pyram
535 1942 743 1979 struendam
771 1955 812 1978 ex
838 1942 952 1976 vicina
983 1942 1071 1977 silva
1097 1942 1289 1977 Gallinaria
1313 1942 1412 1976 fuere
1438 1940 1599 1977 collecta.
1620 1942 1675 1980 Eg
1695 1939 1753 1976 his

381 1995 549 2030 omnibus
576 1993 798 2042 argumentis
827 1991 919 2027 idem
951 1990 1095 2027 Scottus
1123 1991 1216 2026 clare
1245 1992 1364 2038 arguit
1392 1990 1459 2025 hoc
1494 1991 1625 2026 Miseni
1664 2002 1749 2037 pro-

380 2044 603 2080 montorium
632 2056 693 2090 pro
721 2049 838 2077 monte
864 2041 903 2075 dc·
927 2041 1091 2076 Procida
1119 2053 1190 2076 esse
1219 2040 1505 2088 intelligendum.
1534 2041 1604 2074 Nec
1633 2038 1748 2075 obstat

380 2095 470 2142 quin
498 2093 673 2141 Virgilius
702 2092 786 2127 huic
815 2091 928 2126 monti
958 2091 1137 2139 epitheton
1169 2088 1262 2126 iterii
1289 2090 1444 2134 dederit,
1468 2103 1549 2126 cum
1597 2088 1749 2124 humilis

379 2146 423 2178 sit
452 2157 554 2178 mons
580 2155 685 2190 snpra
716 2154 841 2178 mare:
872 2141 965 2175 idem
995 2141 1139 2176 Scottus
1166 2153 1314 2175 aereum
1342 2141 1498 2188 explicat
1525 2152 1589 2187 pro
1621 2140 1750 2188 plano.

379 2193 483 2228 quta
513 2192 670 2227 eundem
700 2191 830 2227 Miseni
859 2193 1143 2238 promontorium
1174 2194 1279 2225 etiam
1299 2189 1591 2237 significandumx
1607 2188 1754 2239 videtur

401 2243 493 2285 llud,
524 2242 567 2276 de
593 2255 667 2289 quo
693 2254 800 2290 supi-a
828 2240 997 2275 diximus.
1029 2241 1067 2275 In
1097 2241 1152 2275 Ct.
1182 2241 1294 2276 Scotti
1321 2240 1533 2275 sententiam
1562 2237 1750 2275 descendit

380 2284 501 2329 letiam
529 2292 672 2336 Iorius,
690 2290 806 2328 Guida
833 2291 867 2327 di
896 2290 1085 2335 Pozzuoli,
1113 2304 1194 2340 pag.
1226 2290 1304 2326 168.
