1920 2579
351 90 429 130 180

341 149 458 198 ravit,
478 145 642 188 orientis
666 144 932 202 Imperatores
946 142 1103 190 vbelium
1119 149 1401 206 quotidianum
1424 163 1515 191 curn
1541 148 1710 201 Gothis,

341 203 529 261 Italisque
559 218 797 261 gesseruntt
832 207 988 263 hocque
1022 220 1110 249 tum
1162 208 1221 249 vei
1277 211 1450 250 maxime
1494 208 1678 263 flagravit
1700 240 1714 259 ‚

339 277 434 303 curn
469 265 735 315 Theodatus,
769 266 884 307 Teias
926 266 1072 322 aliique
1103 265 1227 321 Reges
1259 268 1368 323 apud
1402 266 1562 308 Gothos
1580 266 1713 307 dorni-

340 322 455 362 nium
488 321 765 363 obtinuerunt.
801 322 900 365 lude
934 324 1084 375 urbes,
1120 325 1292 382 pagique
1321 324 1593 368 florentissimi
1626 325 1712 366 solo

339 379 499 434 aequati
533 379 668 422 fuere':
702 395 880 436 quorum
914 380 1097 423 nonnulli
1117 385 1148 425 si
1181 384 1251 439 qui
1284 383 1591 440 superfuerunt,
1616 383 1712 423 hor-

335 435 424 477 rida
458 437 634 479 ferarum
668 438 794 481 lustra
829 438 952 482 veluti
986 440 1205 482 cohabitari
1236 441 1423 483 fuerunt:
1459 441 1514 481 sic
1547 441 1635 481 Itali
1655 441 1712 482 fe-

339 497 514 536 rociores
545 511 714 540 evasere.
751 498 982 539 Literssarum
1013 499 1144 539 studia
1176 509 1274 539 tunc
1325 515 1488 555 prorsus
1523 499 1710 541 oblitera-

336 563 405 602 ta,
441 566 592 595 mutata
625 556 793 596 omuino
834 558 1141 609 magistratuum
1175 556 1403 612 politia‚rei
1436 557 1618 598 militaris
1650 556 1724 598 dis

335 610 498 666 sciplina
535 627 697 670 prorsus
730 614 951 655 destituta:
989 616 1183 668 ingenuae
1214 626 1317 656 artes
1351 616 1469 656 exilio
1502 616 1711 659 multatae.

335 670 521 724 Sequiori
555 686 655 712 aevo
691 672 828 712 omnia
861 673 998 713 statim
1032 688 1173 723 versa,
1207 683 1246 712 et
1280 675 1456 728 peiorem
1495 673 1708 716 iustarum

334 727 507 768 redacta.
541 730 800 784 Langobardi
831 730 881 770 de
913 745 1090 786 quorum
1140 731 1322 772 dicemus
1353 733 1393 772 in
1436 732 1550 772 Italia
1602 747 1708 773 novo

334 783 472 840 Regno
505 803 602 829 mox
630 787 914 841 efformando,
950 788 1223 839 deteriorem,
1266 791 1367 845 quin
1404 789 1487 830 imo
1523 790 1709 831 miseram

333 842 489 885 Italiam
520 847 558 886 in
592 846 879 903 squalidiorem
913 847 1164 888 reduxerunt
1198 849 1385 903 gradum.
1422 851 1484 890 Eo
1507 849 1627 903 igitur
1648 864 1709 890 res

332 901 496 943 fuerant
527 908 798 946 conclamatae
824 936 836 955 ‚
865 921 959 946 cum
995 905 1203 960 Longinus
1236 908 1454 962 patricius,
1493 917 1531 947 et
1581 906 1710 948 Exar-

333 960 433 1001 chus
470 960 488 1019 (
523 962 669 1004 Narses
702 965 778 1004 iam
816 963 1216 1015 Constantinopolim
1264 965 1394 1005 fuerat
1448 965 1654 1020 profectus
1685 967 1707 1021 )

331 1017 566 1062 Ravennam
601 1025 782 1078 pervenit
814 1037 919 1062 anno
943 1022 1182 1064 DLXVHI.
1216 1023 1371 1064 Iustino
1389 1023 1440 1065 ΙΙ.
1461 1025 1702 1078 imperante,

333 1078 435 1118 dum
468 1094 513 1120 ex
545 1082 825 1136 Septentrione
858 1080 1113 1136 Langobardi
1151 1082 1304 1123 Italiam
1338 1092 1539 1138 occupant
1573 1081 1710 1122 militi·

331 1133 407 1176 bus
438 1151 606 1178 vacuam
626 1169 638 1187 ,
671 1138 819 1193 quibus
850 1138 1038 1179 adiuncta
1085 1141 1314 1180 suevorum
1337 1172 1348 1192 ,
1393 1141 1702 1191 Sarmatarum,

331 1195 634 1249 Bulgarorum,
667 1197 911 1238 Noricorum
948 1211 1091 1236 manus
1111 1227 1125 1246 ,
1162 1197 1342 1254 aliaeque
1387 1199 1582 1239 efferatae
1614 1213 1707 1250 gen-

331 1263 389 1292 tes
422 1269 516 1293 cum
549 1255 820 1308 coniugibuS,
857 1253 974 1305 filiis,
1017 1255 1338 1311 propinquisque
1360 1288 1372 1306 ,
1401 1256 1535 1297 omnia
1569 1270 1708 1298 secum

328 1321 547 1366 portantes.
569 1311 768 1353 Alboinus
799 1311 961 1353 illorum
983 1315 1068 1354 Rex
1100 1313 1160 1352 his
1191 1314 1385 1355 omnibus
1404 1325 1600 1367 praeerat.
1622 1316 1704 1355 Eae

333 1382 475 1410 omnes
507 1380 641 1425 gentes
673 1370 867 1411 Kalendis
898 1371 1049 1427 Aprilis
1080 1385 1188 1411 anno
1235 1372 1470 1413 DLXVIII.
1526 1387 1572 1412 ex
1610 1373 1704 1413 Pan-

331 1428 485 1478 nonia,
530 1428 753 1487 vicinisque
791 1428 891 1470 locis
938 1428 1285 1486 proficiscuntur,
1319 1445 1402 1486 quo
1450 1430 1606 1472 Italiam
1648 1432 1706 1472 iu-

331 1484 537 1528 vaderent.

442 1545 642 1588 XXVIII.
663 1546 738 1588 His
769 1547 824 1586 ita
856 1545 1056 1602 dispositis
1077 1544 1352 1587 Barbarorum
1379 1547 1458 1590 hoc
1481 1548 1702 1590 maximum

326 1617 467 1656 agmen
499 1604 832 1646 ad'Venetorum
865 1607 1043 1659 primum
1078 1603 1177 1644 fines
1210 1604 1542 1662 adpropinquat,
1586 1606 1704 1659 Ligu-

328 1663 468 1716 riaque
500 1663 634 1703 statim
666 1673 893 1718 occupata,
935 1664 1096 1702 nemine
1130 1663 1221 1720 ipsis
1265 1665 1492 1715 resistente,
1541 1664 1705 1719 Papiam

329 1731 487 1761 tantum
519 1721 659 1762 urbem
695 1720 890 1762 militibus
926 1724 1125 1761 munitam
1167 1723 1345 1777 reperit,
1376 1738 1500 1778 quam
1527 1723 1703 1764 obsidio-

327 1794 379 1819 ne
411 1779 581 1820 cinctam
610 1780 730 1835 paulo
763 1790 854 1834 post
887 1790 1074 1835 occupat.
1109 1780 1216 1820 Hinc
1248 1780 1337 1821 Iulii
1376 1781 1529 1822 Forum
1562 1781 1703 1822 Alboi-

327 1851 403 1877 nus
435 1836 639 1894 Gisnlpho
677 1837 807 1879 frati-is
840 1836 923 1878 filio
957 1837 1116 1888 tradit,
1153 1840 1222 1894 qui
1253 1840 1387 1880 stati-m
1422 1854 1526 1880 novo
1560 1840 1703 1895 prinei-

327 1907 421 1951 patu
459 1906 590 1937 erecto
611 1897 704 1937 Dux
736 1896 813 1938 fuit
842 1898 1048 1937 salutatus.
1084 1895 1286 1938 Alboinus
1309 1898 1470 1938 interim
1490 1913 1590 1938 cum
1626 1899 1703 1940 hoc

324 1954 478 2009 ingenti
511 1954 790 1996 Barbarorurn
821 1956 995 1995 exercitu
1030 1955 1244 2011 provinciis
1277 1957 1375 1996 citra
1398 1955 1610 2014 ,ultraque
1630 1958 1702 1998 Pa-

326 2012 430 2054 dum
462 2014 591 2066 captis
612 2044 626 2065 ,
660 2014 801 2055 Italiae
831 2028 853 2053 a
884 2013 964 2053 suis
997 2013 1079 2054 Rex
1115 2013 1388 2070 proclamatur

444 2071 591 2113 XXIX.
625 2073 748 2114 Anno
779 2071 960 2128 sequenti
1004 2070 1105 2112 dum
1148 2072 1406 2128 Langobardi
1448 2073 1571 2128 magis
1602 2088 1701 2128 gras-

320 2138 500 2179 santur,
537 2132 734 2182 Etruria,
768 2129 954 2181 AEmilia,
988 2129 1242 2187 Vmbriaque
1267 2146 1366 2172 cum
1405 2131 1536 2187 opidis
1568 2130 1701 2172 fortis—

323 2188 440 2227 -sirnis
475 2188 715 2243 potiuntur,
750 2204 856 2245 quae
898 2199 1043 2229 cuncta
1075 2189 1176 2230 dum
1226 2189 1545 2245 aggrediuntur,
1566 2189 1703 2231 credi·

322 2243 407 2287 ebile
441 2257 529 2296 est„
561 2248 683 2289 Italos
723 2262 863 2290 omnes
898 2257 1049 2290 terrore
1093 2247 1301 2304 perculsos
1351 2249 1428 2290 alio
1462 2248 1700 2305 aufugisse,
