1920 2579
367 120 384 130 ..

329 131 414 163 202

328 181 368 219 in
402 177 574 220 Vivario
605 177 821 220 alerentur.
843 172 995 218 Romae
1015 207 1027 230 ,
1059 172 1238 217 Puteolis
1259 205 1270 227 ,
1303 175 1499 231 Capuae,
1532 175 1704 235 aliisque

330 237 494 286 Italiae,
529 237 857 294 Campaniaeque
888 234 1057 278 urbibus
1091 235 1109 293 (
1140 235 1181 275 in
1230 232 1379 289 quibus
1433 235 1700 291 Amphithea-

318 296 368 337 tri
406 295 531 337 moles
563 294 806 349 adsurgebat
837 296 858 350 )
904 294 1103 335 maximus
1135 293 1324 336 omnium
1356 292 1534 334 ferarum
1553 309 1697 336 nume-

313 370 382 396 rus
420 355 689 396 nutriebatur.
725 353 947 395 Suetonius
981 353 1023 394 in
1055 352 1150 393 Tito
1182 367 1217 393 c.
1238 365 1265 404 7
1288 361 1457 402 narrat,
1491 351 1600 392 hunc
1617 369 1698 396 una

313 412 378 453 (lie
411 413 594 468 quinque
629 411 754 453 millia
789 412 972 456 ferarum
1003 427 1125 454 omne
1156 424 1279 466 genus
1321 410 1557 466 Spectacula
1611 411 1695 452 edi·

312 470 444 512 disse:
498 471 660 523 Dedit,
696 481 737 512 et
768 472 927 513 navale
975 470 1199 526 praelium
1229 472 1273 508 in
1304 470 1446 509 veteri
1492 467 1689 510 AVazcma-

311 531 435 570 chia:
474 530 631 571 ibidem
669 538 709 570 et
740 529 1038 587 gladiatores,
1077 538 1206 583 atque
1261 540 1347 567 uno
1382 525 1452 566 die
1500 533 1689 585 qumque

312 589 448 628 millia
492 603 619 629 omne
668 603 806 645 genus
831 590 1052 640 ferarum.
1104 584 1331 639 Eutropius
1379 583 1563 626 eamdem
1603 601 1691 628 rem

309 645 525 688 confirmat
565 649 604 686 in
636 649 720 687 eius
752 647 845 689 vita.
877 649 1001 688 Ferae
1034 641 1297 701 praesertim,
1334 657 1441 699 quae
1473 643 1512 683 in
1564 645 1684 685 Viva-

310 706 371 746 rio
407 704 618 746 alebantur
640 736 653 755 ,
690 704 789 745 adeo
821 715 1053 745 mansuetae
1087 701 1269 752 fiebant,
1305 711 1348 742 ut
1368 699 1608 755 gladiatores
1641 705 1684 744 iu

309 764 624 819 Amphitheatro
644 792 656 812 ‚
689 774 728 805 et
757 762 881 805 Circo
912 762 1073 803 easdem
1102 758 1365 802 adhibuerint
1396 759 1574 801 maximo
1597 776 1682 816 spe-

310 821 478 862 ctaculo.
521 821 713 862 Martialis
752 820 820 861 lib.
854 821 885 865 1.
918 821 1054 876 Epigr.
1084 819 1162 862 105
1192 817 1330 868 canit,
1359 815 1590 873 leopardOS,
1633 820 1682 859 ti-

310 895 396 934 gres
418 911 429 930 ,
469 879 644 935 aliasque
682 879 826 921 bestias
855 879 896 921 in
930 878 1243 936 Amphitheatro
1281 875 1406 919 veluti
1441 891 1562 931 agnos
1592 892 1684 919 cur-

314 953 383 979 rus
415 940 646 997 saepissime
677 948 902 982 vectassse:

550 1057 677 1099 Plelo
709 1056 821 1110 quod
850 1058 952 1116 iuga
983 1056 1168 1100 delicata
1205 1054 1324 1103 collo

550 1115 728 1156 Pardus
765 1118 974 1166 sustinet,
1013 1115 1323 1171 improbaeque
1357 1112 1489 1170 tigres

551 1174 782 1228 Indulgent
806 1174 1061 1230 patientiam
1080 1172 1302 1228 flagello:

549 1231 758 1271 Mordent
789 1246 924 1272 aur-ea
945 1233 1091 1284 lupata
1127 1233 1250 1270 cervi
1270 1260 1285 1280 ,

557 1289 689 1346 Quod
704 1290 876 1340 fraena
908 1288 1067 1345 Lybici
1094 1287 1336 1329 domantur·
1366 1288 1471 1330 ursi.

318 1406 428 1448 Idem
461 1417 577 1462 poeta
611 1403 714 1448 ibid.
753 1405 878 1461 epigr.
918 1403 965 1448 15
1025 1401 1308 1445 Domitianum
1354 1403 1566 1444 Caesarem
1613 1418 1695 1444 em=

315 1465 476 1521 phatice
506 1465 715 1520 alloquens
741 1495 753 1514 ,
786 1462 899 1519 quod
930 1464 1062 1504 leones
1089 1461 1215 1504 veluti
1247 1461 1336 1516 agni
1370 1463 1410 1503 in
1460 1461 1569 1503 ludis
1598 1463 1692 1518 Spe-

317 1525 475 1565 ctaculo
509 1524 643 1566 forent
674 1521 871 1564 Romanis
890 1552 900 1570 ,
930 1523 985 1562 sic
1017 1519 1156 1561 canit:

452 1641 649 1684 Delicias
668 1671 682 1688 ,
724 1638 915 1691 Caesar,
948 1642 1151 1696 lususque
1171 1668 1182 1688 ‚
1222 1638 1422 1694 iocosque
1453 1639 1621 1679 leonum

566 1698 800 1748 Vidimus,
832 1699 912 1739 hoc
950 1702 1073 1739 etiam
1099 1705 1292 1752 praestat
1325 1711 1460 1737 arena
1497 1696 1578 1737 tibi.

96 1825 306 1879 {gfflaead
444 1816 509 1857 Ad
544 1813 842 1868 reprimendam
873 1814 1035 1856 interim
1072 1823 1225 1854 tantam
1262 1812 1410 1853 civium
1465 1811 1695 1853 oblectatio-

94 1862 247 1927 gfissjfssss‘ff
269 1871 307 1888 η’
327 1890 417 1917 nem
452 1883 600 1916 statuta
626 1904 636 1924 ,
665 1883 785 1929 atque
818 1873 944 1914 edicta
977 1873 1028 1913 ab
1062 1872 1155 1928 ipsis
1184 1869 1593 1927 Imperatoribuslata
1611 1870 1693 1911 fue-

327 1949 403 1986 re,
457 1944 501 1975 ut
550 1932 816 1989 gladiatorum
869 1931 1100 1988 praesertim
1154 1930 1379 1985 frequentia
1431 1929 1696 1972 minueretur.

329 1993 474 2033 Caesar
510 1992 526 2049 (
560 2002 681 2045 prout
713 1990 853 2033 scribit
885 1990 1102 2032 Suetonius
1133 1990 1172 2029 in
1205 1990 1288 2029 eius
1322 1989 1416 2029 Vita
1449 2003 1481 2027 c.
1522 2002 1568 2028 ro
1600 1988 1620 2042 )
1657 1988 1694 2027 in

330 2051 434 2091 ludis
469 2049 711 2106 gladiatoriis
745 2054 887 2091 harum
925 2050 1180 2090 victimarum
1215 2061 1433 2087 numerum
1456 2045 1626 2097 minuit3
1661 2055 1700 2085 et

336 2112 545 2164 Augustus
581 2111 706 2162 legem
742 2108 859 2159 tulit,
892 2123 969 2162 qua
1003 2107 1270 2149 constitutum
1303 2115 1390 2156 est,
1424 2103 1483 2144 bis
1516 2105 1554 2143 in
1588 2117 1699 2144 anno

335 2167 425 2206 LX.
474 2178 634 2207 tantum
670 2167 775 2220 paria
807 2165 1076 2222 gladiatorum
1113 2163 1267 2206 edenda
1289 2193 1302 2213 ,
1354 2171 1479 2219 prout
1512 2160 1700 2202 describit

326 2227 406 2267 Dio
463 2225 531 2265 lib-
586 2225 779 2267 XXXVI.
828 2226 1050 2280 Imperator
1090 2237 1184 2264 vero
1243 2221 1422 2275 Caligula
1473 2219 1585 2261 iussit
1639 2219 1701 2260 edi

327 2283 547 2339 spectacula
597 2283 828 2339 gladiatoria
877 2293 1000 2340 prout
1050 2282 1220 2338 quisque
1277 2280 1420 2322 vellet.-
1454 2277 1547 2320 hinc
1606 2289 1704 2319 tuuc
