1961 2574
154 157 659 213 REVERENDISSIMO
680 189 695 211 ,
719 152 797 199 ET
828 148 1273 198 L‘LLUSTRISSIMO
1315 152 1548 197 DOMINO

248 285 603 345 MICHAELI
641 255 1151 336 ARCHANGELO
1205 280 1468 332 LUPOLI

516 399 909 446 ARCHIEPISCOPO
936 401 1211 440 COMPSANO,

431 1038 584 1075 PRAES
592 1041 651 1074 UL
677 1039 976 1075 AMRLISSJME
991 1062 1001 1079 ‚

172 1372 362 1489 Furr
402 1434 588 1505 quovis
611 1447 849 1505 tempore
877 1433 935 1485 in
972 1452 1120 1487 more
1140 1435 1374 1507 positum
1411 1435 1554 1508 apud

178 1508 457 1577 scriptores
487 1545 500 1572 7
541 1518 603 1556 ut
624 1506 831 1577 quoties
851 1505 1055 1578 aliquid
1094 1508 1265 1580 operis
1294 1507 1350 1557 in
1380 1506 1554 1558 lucem

178 1574 451 1630 edendum
490 1588 824 1642 statuerent,
866 1576 1004 1628 Viris
1043 1578 1241 1630 virtute
1284 1591 1550 1649 praestan-

180 1648 359 1708 tibus,
409 1661 462 1699 et
500 1647 557 1698 in
596 1646 890 1720 Republica
940 1648 1169 1700 literaria
1223 1647 1554 1721 Pollentibus

181 1717 508 1770 dedicarent.
532 1719 710 1789 Atque
736 1718 792 1770 id
813 1738 922 1770 non
955 1718 1051 1770 alia
1079 1719 1146 1772 de
1177 1739 1326 1771 causa
1356 1719 1555 1771 factum

184 1801 283 1854 est7
325 1788 422 1837 nisi
452 1801 513 1837 ut
533 1786 730 1838 horum
757 1790 979 1839 virtutes
1002 1829 1015 1854 7
1039 1804 1090 1840 et
1117 1789 1396 1840 auctoritas
1426 1808 1558 1839 non-

183 1876 462 1928 nunquam
514 1855 627 1906 illos
671 1855 734 1907 ab
788 1857 1018 1909 invidiae
1057 1858 1359 1925 morsibus,
1400 1873 1557 1930 atque

181 1924 444 1978 Aristarch
456 1944 612 1977 orum
652 1927 886 1978 censuris
911 1927 1192 1980 indemnes
1213 1942 1554 2002 praestarent.

184 1998 524 2068 Quapropter
562 2013 686 2046 cum
724 1995 914 2049 vellem
954 2017 1096 2050 meos
1137 1999 1203 2050 de
1243 1999 1558 2071 Campaniae

183 2068 515 2139 Antiquitate
589 2065 750 2118 libros
806 2068 860 2118 in
913 2066 1089 2121 lucem
1140 2069 1425 2142 proferre,
1478 2070 1559 2120 Tu

180 2136 389 2189 Pmesul
435 2135 794 2210 Amplissime⁷
832 2137 962 2190 mihi
1000 2141 1170 2191 statim
1228 2140 1503 2192 occurristi
1539 2181 1558 2201 ,

186 2209 274 2259 cui
314 2207 638 2261 dedicandos
678 2222 973 2280 satagerem.
1014 2211 1116 2264 Cui
1139 2211 1283 2262 enim
1314 2225 1401 2263 tua
1449 2230 1560 2262 non

190 2277 332 2333 dicta
357 2280 558 2351 virtus7
598 2294 650 2332 et
688 2280 743 2331 in
782 2300 962 2334 rerum
983 2281 1425 2356 philologicarum
1457 2321 1470 2350 ⁷
1511 2295 1562 2333 et

1174 2359 1199 2381 ᾗ
