1920 2579
1450 147 1530 178 26)

279 197 429 241 Exciso
458 192 699 240 Gothorum·
731 204 853 248 regno
886 193 924 233 in
960 194 1070 235 Italia
1090 207 1166 250 pro
1188 193 1369 236 Nax-setis
1384 193 1534 236 adven-

170 269 213 300 tu
246 273 352 299 anno
389 255 600 299 DLXV11.
634 252 804 309 opidum
841 251 891 294 ab
922 253 1117 295 Exarehis
1150 252 1228 294 fuit
1277 263 1446 295 rectum.
1480 256 1536 295 At

166 320 310 359 Nzirses
359 331 453 356 cum
503 313 552 354 ab
602 312 679 354 illis·
710 310 819 352 haud
866 309 1217 369 obtemperaretur
1243 344 1255 363 ‚
1305 309 1533 367 Langobar„

164 376 238 416 ‹los
272 375 323 416 ad-
352 373 504 416 Italiam
537 369 823 425 occupandam
861 369 1072 411 advocavit
1104 387 1124 411 e
1176 371 1257 412 suis
1300 370 1530 425 regionibus

165 433 351 474 advectos
385 428 582 472 vindictae
611 443 728 469 causa
749 459 761 478 ,
794 429 864 485 qui
897 442 994 469 cum
1017 430 1055 469 in
1079 424 1233 469 Italiam
1255 429 1526 484 advenissent,

165 501 319 534 novum
351 488 567 531 condidere
598 502 763 542 regnum
786 512 801 537 ,-
831 497 869 527 et
902 486 999 527 urbs
1028 487 1078 528 ab
1124 488 1199 528 iilis
1245 486 1437 540 liberata,
1488 488 1528 527 in

164 552 464 605 Imperatorum
499 545 753 588 orientalium
789 560 933 587 manus
954 560 999 586 eo
1020 556 1205 602 tempore
1227 548 1422 602 pervenit.-
1445 556 1532 586 tum

161 607 350 664 Neapolis
384 607 422 645 in
456 605 663 646 Ducatum
699 603 775 645 fuit
807 618 998 645 conversa
1021 612 1045 655 ,⁸
1074 615 1113 644 et
1143 604 1284 646 iisdem
1315 604 1532 660 Imperato-

164 666 274 706 ribus
307 663 570 707 orientalibus
603 661 792 702 subiecta.
828 662 990 704 Videsis
1023 662 1300 705 Grimaldium
1332 673 1433 705 tom·
1455 663 1528 703 IV.

161 741 246 781 pag.
286 738 358 765 101
397 733 435 763 et
468 732 649 762 nostram
676 721 907 762 Diatribam
925 721 1000 763 VI.
1021 721 1061 760 in
1095 722 1201 762 calce
1220 722 1363 778 operis.
1384 723 1440 762 At
1479 737 1529 762 nc

162 799 248 823 rem
268 782 498 822 historicam
520 783 557 819 in
581 778 749 833 longum
782 779 1186 834 protrahamusfhoc
1204 795 1335 822 unum
1357 779 1521 830 addam,

160 841 266 881 lianc
300 840 440 882 urbem
476 853 550 894 pro
583 837 706 877 nimia
741 836 1044 893 pulchritudine
1076 838 1249 895 sequiori
1284 852 1382 878 aevo
1416 853 1526 879 nunc

158 900 197 939 in
233 913 354 938 unam
380 929 390 949 ,
426 911 533 937 nunc
563 896 601 934 in
633 896 751 950 aliam
783 895 989 936 redactam
1026 911 1106 936 esse
1139 905 1397 951 potestatem,
1422 897 1524 938 adeo

157 967 203 997 ut
235 955 385 1012 pluries
416 956 455 994 in
490 953 670 992 hostium
704 953 934 993 dominium
969 954 1209 1009 pervenerit,
1242 947 1312 1011 qo‘i
1345 954 1526 996 eiusdem

157 1011 496 1068 magnificentiam
530 1012 585 1050 ita
619 1008 956 1065 configurarunt,
990 1021 1035 1051 ut
1067 1010 1116 1051 de
1147 1010 1213 1051 illa
1245 1026 1360 1065 aegre
1406 1029 1523 1068 supe-

156 1072 284 1112 rerint
320 1069 496 1124 vestigia.
529 1067 606 1108 Sed
640 1083 688 1108 ne
724 1069 770 1109 iu-
799 1068 1060 1111 mendacium
1092 1069 1333 1122 incidamus,
1368 1080 1405 1110 et
1445 1087 1531 1113 rem

155 1129 389 1172 historicam
439 1138 482 1167 ut
531 1125 580 1166 ad
634 1127 840 1168 veritatem
891 1128 1110 1170 afferamus
1149 1160 1160 1181 ‚
1213 1126 1435 1168 dicendum
1481 1130 1532 1171 ab

153 1189 263 1230 hisce
293 1185 472 1242 Regibus
496 1217 508 1235 ,
540 1184 774 1242 quicunque
807 1185 933 1228 iidem
954 1186 1106 1228 fuerint
1126 1217 1141 1240 ,
1178 1186 1321 1228 urbem
1345 1189 1532 1244 quamvis

155 1256 270 1287 antea
304 1255 503 1287 vetustate
535 1254 811 1287 senescentem⁴
840 1244 1026 1286 funditus
1061 1244 1080 1304 (
1124 1255 1246 1302 prout
1295 1255 1531 1303 temporum

153 1304 385 1362 permiserit
418 1313 523 1343 aetas
557 1300 574 1358 )
609 1302 923 1355 reaedificatam,
939 1315 1137 1356 ornatam,
1156 1303 1529 1362 amplificatamque

156 1364 292 1405 fuisse.
317 1362 549 1405 Gulieimus
568 1361 674 1402 euim
696 1361 726 1401 I.
749 1373 954 1418 reparatae
971 1364 1108 1405 salutis
1130 1376 1238 1404 anno
1262 1363 1526 1406 MCLXXX.

155 1421 278 1462 huius
312 1420 423 1462 urbis
456 1419 615 1460 moenia
645 1418 862 1472 dilatavit,
899 1422 1138 1477 Capuanam
1171 1422 1354 1463 condidit
1372 1437 1522 1474 arcem,

155 1491 194 1520 et
226 1479 448 1535 Megariam
480 1479 654 1518 insulam
685 1479 736 1518 ad
766 1479 867 1521 arcis
901 1479 1076 1522 formam
1112 1490 1216 1520 recte
1248 1481 1451 1522 munitam
1475 1483 1529 1522 ef-

152 1538 262 1580 fecit.
296 1536 512 1578 Federicus
544 1536 596 1576 11.
633 1547 770 1591 postea
803 1535 1026 1594 Imperator
1059 1553 1154 1578 curn
1171 1537 1388 1595 Neapolim
1405 1540 1528 1581 seien-

152 1597 304 1638 tiarum
337 1603 507 1635 matrem
534 1625 544 1642 ,
602 1593 938 1652 domiciliumque
968 1596 1089 1637 fuisse
1120 1607 1236 1636 antea
1269 1598 1523 1639 animadver-

149 1663 252 1694 teret
275 1686 287 1704 ‚
320 1668 428 1694 anno
465 1652 743 1696 MCCXXIV.
764 1654 973 1713 publicum
997 1654 1230 1696 studiorum
1252 1657 1523 1710 Gymnasium

152 1713 276 1752 erexit
296 1739 312 1761 ,-
341 1710 478 1768 quoad
512 1709 615 1752 illius
645 1713 733 1751 aevi
765 1728 885 1758 usum
908 1744 922 1763 ,
962 1713 1154 1770 quodque
1172 1725 1308 1770 postea
1331 1714 1429 1755 adeo
1451 1716 1524 1756 sso-

152 1769 265 1818 ruit',
303 1780 349 1811 ut
380 1783 538 1824 semper
574 1768 669 1814 urbs
701 1769 850 1814 isthaec
881 1772 1144 1827 scientiarum
1178 1771 1365 1814 omnium
1400 1773 1523 1814 fuerit

151 1825 276 1867 sedes.
575 1858 578 1860 -
762 1852 767 1853 ν
1415 1849 1418 1851 >

273 1884 330 1925 Ea
366 1899 460 1925 vero
495 1883 662 1925 cumin
694 1884 778 1926 dies
809 1882 954 1943 popuii
982 1886 1223 1942 frequentia,
1260 1886 1442 1941 ingenuis
1461 1906 1533 1930 ar·-

154 1941 262 1982 t'ibus
284 1974 297 1992 ,
330 1953 369 1983 et
401 1941 589 1984 domibus
623 1954 868 1984 excresceret
886 1976 900 1996 ,
939 1944 1220 1986 Ferdinandus
1243 1943 1275 1986 Ι.
1299 1949 1535 2003 Aragoniac

152 2001 239 2040 Rex
269 2015 377 2042 anno
412 1999 841 2054 MCCCCLXXXIV·
874 2004 1120 2059 ampliavit:
1148 2004 1253 2044 viam
1291 2006 1397 2046 enim
1417 2008 1524 2047 illum

156 2072 293 2113 prope·
320 2059 608 2115 pomoerium,-
636 2075 760 2115 quam
791 2060 965 2106 dicimus
999 2062 1219 2103 Lavinaro
1245 2093 1259 2112 ,
1294 2064 1403 2104 silice
1419 2077 1522 2106 stra-

153 2114 251 2170 vit,
284 2133 380 2175 cum
413 2117 696 2175 ornnesurbis
725 2133 851 2175 aquae
878 2119 1088 2161 fluitarent
1120 2134 1165 2160 ex
1199 2136 1238 2160 ea
1275 2124 1523 2176 partez'hiuc

152 2176 319 2216 moenia
352 2175 617 2226 restauraxit,
653 2187 692 2217 et
723 2180 960 2234 praesertim
989 2189 1130 2235 portas
1161 2191 1340 2234 quatuor
1375 2196 1394 2221 e
1428 2183 1524 2223 fun-

151 2232 351 2275 damentis
372 2234 585 2276 excitavit,
619 2236 737 2276 Tunc
767 2237 1075 2292 temporis³urbs
1095 2235 1143 2278 ad
1166 2237 1365 2294 fastigium
1388 2240 1523 2295 quod·-

104 2340 106 2342 γ
149 2290 250 2333 dam-
274 2293 424 2349 gloriae
456 2293 751 2351 maiestatisque
782 2293 882 2337 adeo
916 2295 1130 2338 devenerat
1154 2328 1171 2348 ,A
1197 2307 1244 2337 utv
1276 2299 1354 2338 iau]
1390 2313 1437 2339 ex
1458 2313 1506 2340 eo
