<?xml version="1.0" encoding="UTF-8"?>
<!DOCTYPE html PUBLIC "-//W3C//DTD XHTML 1.0 Transitional//EN"
    "http://www.w3.org/TR/xhtml1/DTD/xhtml1-transitional.dtd">
<html xmlns="http://www.w3.org/1999/xhtml" xml:lang="en" lang="en">
 <head>
  <title>
</title>
<meta http-equiv="Content-Type" content="text/html;charset=utf-8" />
  <meta name='ocr-system' content='tesseract 3.04.00' />
  <meta name='ocr-capabilities' content='ocr_page ocr_carea ocr_par ocr_line ocrx_word'/>
</head>
<body>
  <div class='ocr_page' id='page_1' title='image "./universiaecampan01laur/universiaecampan01laur_0381.png"; bbox 0 0 1920 2579; ppageno 0'>
   <div class='ocr_carea' id='block_1_1' title="bbox 131 145 1498 251">
    <p class='ocr_par' dir='ltr' id='par_1_1' title="bbox 131 145 1498 251">
     <span class='ocr_line' id='line_1_1' title="bbox 131 145 1498 251; baseline -0.012 -7"><span class='ocrx_word' id='word_1_1' title='bbox 131 215 208 244; x_wconf 87' lang='lat' dir='ltr'><strong>nus</strong></span> <span class='ocrx_word' id='word_1_2' title='bbox 238 198 425 247; x_wconf 76' lang='lat' dir='ltr'><strong>Italiam,</strong></span> <span class='ocrx_word' id='word_1_3' title='bbox 456 205 493 237; x_wconf 87' lang='lat' dir='ltr'><strong>et</strong></span> <span class='ocrx_word' id='word_1_4' title='bbox 523 195 789 251; x_wconf 81' lang='lat' dir='ltr'>Campaniam</span> <span class='ocrx_word' id='word_1_5' title='bbox 823 193 944 234; x_wconf 86' lang='lat' dir='ltr'><strong>simul</strong></span> <span class='ocrx_word' id='word_1_6' title='bbox 975 192 1242 248; x_wconf 77' lang='lat' dir='ltr'>depopulatae</span> <span class='ocrx_word' id='word_1_7' title='bbox 1275 190 1403 240; x_wconf 83' lang='lat' dir='ltr'><strong>fuere,</strong></span> <span class='ocrx_word' id='word_1_8' title='bbox 1443 145 1498 233; x_wconf 58' lang='grc' dir='ltr'><strong>7εῗ</strong></span> 
     </span>
    </p>
   </div>
   <div class='ocr_carea' id='block_1_2' title="bbox 131 248 1712 1110">
    <p class='ocr_par' dir='ltr' id='par_1_2' title="bbox 131 248 1500 485">
     <span class='ocr_line' id='line_1_2' title="bbox 131 248 1497 315; baseline -0.009 -16"><span class='ocrx_word' id='word_1_9' title='bbox 131 259 364 315; x_wconf 84' lang='lat' dir='ltr'><strong>praesertim</strong></span> <span class='ocrx_word' id='word_1_10' title='bbox 398 254 652 309; x_wconf 76' lang='lat' dir='ltr'>Langobardi</span> <span class='ocrx_word' id='word_1_11' title='bbox 687 253 830 294; x_wconf 88' lang='lat' dir='ltr'><strong>eodem</strong></span> <span class='ocrx_word' id='word_1_12' title='bbox 865 263 1047 305; x_wconf 79' lang='lat' dir='ltr'><strong>ternpore</strong></span> <span class='ocrx_word' id='word_1_13' title='bbox 1081 252 1182 290; x_wconf 76' lang='lat' dir='ltr'><strong>hanc</strong></span> <span class='ocrx_word' id='word_1_14' title='bbox 1235 248 1375 289; x_wconf 83' lang='lat' dir='ltr'><strong>urbem</strong></span> <span class='ocrx_word' id='word_1_15' title='bbox 1432 263 1497 288; x_wconf 86' lang='lat' dir='ltr'><strong>oc-</strong></span> 
     </span>
     <span class='ocr_line' id='line_1_3' title="bbox 134 307 1500 371; baseline -0.009 -14"><span class='ocrx_word' id='word_1_16' title='bbox 134 327 364 371; x_wconf 79' lang='lat' dir='ltr'><strong>cuparunt,</strong></span> <span class='ocrx_word' id='word_1_17' title='bbox 409 324 447 358; x_wconf 84' lang='lat' dir='ltr'><strong>et</strong></span> <span class='ocrx_word' id='word_1_18' title='bbox 495 314 658 353; x_wconf 78' lang='lat' dir='ltr'><strong>tandem</strong></span> <span class='ocrx_word' id='word_1_19' title='bbox 693 312 850 367; x_wconf 83' lang='lat' dir='ltr'><strong>penitus</strong></span> <span class='ocrx_word' id='word_1_20' title='bbox 883 326 1013 350; x_wconf 79' lang='lat' dir='ltr'><strong>eversa</strong></span> <span class='ocrx_word' id='word_1_21' title='bbox 1046 310 1123 350; x_wconf 79' lang='lat' dir='ltr'><strong>fuit</strong></span> <span class='ocrx_word' id='word_1_22' title='bbox 1153 324 1174 348; x_wconf 88' lang='lat' dir='ltr'><strong>a</strong></span> <span class='ocrx_word' id='word_1_23' title='bbox 1208 307 1410 348; x_wconf 69' lang='lat' dir='ltr'><strong>Saracenis</strong></span> <span class='ocrx_word' id='word_1_24' title='bbox 1433 321 1500 346; x_wconf 84' lang='lat' dir='ltr'><strong>an-</strong></span> 
     </span>
     <span class='ocr_line' id='line_1_4' title="bbox 134 365 1497 418; baseline -0.01 -2"><span class='ocrx_word' id='word_1_25' title='bbox 134 390 186 415; x_wconf 86' lang='lat' dir='ltr'><strong>no</strong></span> <span class='ocrx_word' id='word_1_26' title='bbox 220 373 502 415; x_wconf 82' lang='lat' dir='ltr'>DCCCXLV.</span> <span class='ocrx_word' id='word_1_27' title='bbox 537 371 643 411; x_wconf 76' lang='lat' dir='ltr'><strong>iuxta</strong></span> <span class='ocrx_word' id='word_1_28' title='bbox 676 384 814 410; x_wconf 86' lang='lat' dir='ltr'><strong>omnes</strong></span> <span class='ocrx_word' id='word_1_29' title='bbox 846 381 1028 409; x_wconf 73' lang='lat' dir='ltr'>auctores</span> <span class='ocrx_word' id='word_1_30' title='bbox 1049 400 1062 418; x_wconf 90' lang='lat'>‚</span> <span class='ocrx_word' id='word_1_31' title='bbox 1095 379 1133 407; x_wconf 86' lang='lat' dir='ltr'><strong>et</strong></span> <span class='ocrx_word' id='word_1_32' title='bbox 1164 368 1268 407; x_wconf 80' lang='lat' dir='ltr'><strong>inter</strong></span> <span class='ocrx_word' id='word_1_33' title='bbox 1300 366 1394 406; x_wconf 71' lang='lat' dir='ltr'><strong>alios</strong></span> <span class='ocrx_word' id='word_1_34' title='bbox 1416 365 1497 403; x_wconf 81' lang='lat' dir='ltr'><strong>Ma-</strong></span> 
     </span>
     <span class='ocr_line' id='line_1_5' title="bbox 137 425 1291 485; baseline -0.007 -11"><span class='ocrx_word' id='word_1_35' title='bbox 137 434 300 474; x_wconf 84' lang='lat' dir='ltr'><strong>zochius</strong></span> <span class='ocrx_word' id='word_1_36' title='bbox 333 431 423 471; x_wconf 74' lang='lat' dir='ltr'><strong>Kal.</strong></span> <span class='ocrx_word' id='word_1_37' title='bbox 456 431 629 484; x_wconf 79' lang='lat' dir='ltr'><strong>Neapol.</strong></span> <span class='ocrx_word' id='word_1_38' title='bbox 663 444 748 485; x_wconf 73' lang='lat' dir='ltr'><strong>pag.</strong></span> <span class='ocrx_word' id='word_1_39' title='bbox 783 432 865 480; x_wconf 75' lang='lat'><strong>346</strong></span> <span class='ocrx_word' id='word_1_40' title='bbox 902 428 1147 468; x_wconf 74' lang='lat' dir='ltr'>mentionem</span> <span class='ocrx_word' id='word_1_41' title='bbox 1185 425 1291 466; x_wconf 70' lang='lat' dir='ltr'><strong>facit.</strong></span> 
     </span>
    </p>

    <p class='ocr_par' dir='ltr' id='par_1_3' title="bbox 136 482 1712 1110">
     <span class='ocr_line' id='line_1_6' title="bbox 251 482 1712 537; baseline -0.004 -8"><span class='ocrx_word' id='word_1_42' title='bbox 251 489 296 529; x_wconf 89' lang='lat' dir='ltr'><strong>In</strong></span> <span class='ocrx_word' id='word_1_43' title='bbox 332 489 406 530; x_wconf 86' lang='lat' dir='ltr'><strong>hoc</strong></span> <span class='ocrx_word' id='word_1_44' title='bbox 439 501 535 530; x_wconf 88' lang='lat' dir='ltr'><strong>vero</strong></span> <span class='ocrx_word' id='word_1_45' title='bbox 568 499 768 529; x_wconf 85' lang='lat' dir='ltr'><strong>terrarum</strong></span> <span class='ocrx_word' id='word_1_46' title='bbox 800 486 909 527; x_wconf 89' lang='lat' dir='ltr'><strong>orbis</strong></span> <span class='ocrx_word' id='word_1_47' title='bbox 940 485 1088 537; x_wconf 76' lang='lat' dir='ltr'><strong>angulo</strong></span> <span class='ocrx_word' id='word_1_48' title='bbox 1109 483 1393 524; x_wconf 83' lang='lat' dir='ltr'><strong>amoenissimo</strong></span> <span class='ocrx_word' id='word_1_49' title='bbox 1414 482 1712 527; x_wconf 51' lang='lat' dir='ltr'><strong>fue25&#39;³¹¹³1⁴⁰⁸u¹¹i¹</strong></span> 
     </span>
     <span class='ocr_line' id='line_1_7' title="bbox 137 539 1499 599; baseline -0.005 -10"><span class='ocrx_word' id='word_1_50' title='bbox 137 563 189 589; x_wconf 26' lang='lat' dir='ltr'><strong>rer</strong></span> <span class='ocrx_word' id='word_1_51' title='bbox 211 561 351 599; x_wconf 81' lang='lat' dir='ltr'><strong>magna</strong></span> <span class='ocrx_word' id='word_1_52' title='bbox 384 539 595 596; x_wconf 67' lang='lat' dir='ltr'><strong>aedificia,</strong></span> <span class='ocrx_word' id='word_1_53' title='bbox 631 557 669 586; x_wconf 91' lang='lat' dir='ltr'><strong>et</strong></span> <span class='ocrx_word' id='word_1_54' title='bbox 701 545 812 586; x_wconf 79' lang='lat' dir='ltr'><strong>villae</strong></span> <span class='ocrx_word' id='word_1_55' title='bbox 842 543 1127 584; x_wconf 82' lang='lat' dir='ltr'><strong>nobilissimae.</strong></span> <span class='ocrx_word' id='word_1_56' title='bbox 1161 543 1244 583; x_wconf 63' lang='lat' dir='ltr'><strong>Iam</strong></span> <span class='ocrx_word' id='word_1_57' title='bbox 1287 551 1379 580; x_wconf 88' lang='lat' dir='ltr'><strong>ante</strong></span> <span class='ocrx_word' id='word_1_58' title='bbox 1416 557 1499 582; x_wconf 89' lang='lat' dir='ltr'><strong>me-</strong></span> 
     </span>
     <span class='ocr_line' id='line_1_8' title="bbox 138 598 1501 658; baseline -0.004 -12"><span class='ocrx_word' id='word_1_59' title='bbox 138 605 385 646; x_wconf 80' lang='lat' dir='ltr'><strong>moravimus</strong></span> <span class='ocrx_word' id='word_1_60' title='bbox 417 603 692 644; x_wconf 82' lang='lat' dir='ltr'>admirandam</span> <span class='ocrx_word' id='word_1_61' title='bbox 726 603 834 644; x_wconf 84' lang='lat' dir='ltr'><strong>iilam</strong></span> <span class='ocrx_word' id='word_1_62' title='bbox 868 603 1059 658; x_wconf 72' lang='lat' dir='ltr'><strong>piscinam</strong></span> <span class='ocrx_word' id='word_1_63' title='bbox 1089 617 1209 656; x_wconf 82' lang='lat' dir='ltr'><strong>super</strong></span> <span class='ocrx_word' id='word_1_64' title='bbox 1256 600 1334 641; x_wconf 81' lang='lat' dir='ltr'><strong>hoc</strong></span> <span class='ocrx_word' id='word_1_65' title='bbox 1384 598 1501 640; x_wconf 82' lang='lat' dir='ltr'><strong>litore</strong></span> 
     </span>
     <span class='ocr_line' id='line_1_9' title="bbox 138 657 1502 716; baseline -0.004 -13"><span class='ocrx_word' id='word_1_66' title='bbox 138 673 427 710; x_wconf 68' lang='lat' dir='ltr'><strong>constructam.</strong></span> <span class='ocrx_word' id='word_1_67' title='bbox 464 662 657 703; x_wconf 86' lang='lat' dir='ltr'>Lucullus</span> <span class='ocrx_word' id='word_1_68' title='bbox 707 674 842 704; x_wconf 83' lang='lat' dir='ltr'><strong>autem</strong></span> <span class='ocrx_word' id='word_1_69' title='bbox 891 677 983 716; x_wconf 72' lang='lat' dir='ltr'><strong>prae</strong></span> <span class='ocrx_word' id='word_1_70' title='bbox 1028 661 1167 701; x_wconf 83' lang='lat' dir='ltr'><strong>ceteris</strong></span> <span class='ocrx_word' id='word_1_71' title='bbox 1216 660 1300 698; x_wconf 80' lang='lat' dir='ltr'><strong>loca</strong></span> <span class='ocrx_word' id='word_1_72' title='bbox 1350 657 1502 698; x_wconf 76' lang='lat' dir='ltr'>isthaec</span> 
     </span>
     <span class='ocr_line' id='line_1_10' title="bbox 137 715 1500 775; baseline -0.004 -14"><span class='ocrx_word' id='word_1_73' title='bbox 137 720 373 772; x_wconf 76' lang='lat' dir='ltr'><strong>adamavit,</strong></span> <span class='ocrx_word' id='word_1_74' title='bbox 407 720 543 775; x_wconf 85' lang='lat' dir='ltr'>ibique</span> <span class='ocrx_word' id='word_1_75' title='bbox 574 721 719 769; x_wconf 8' lang='lat' dir='ltr'><strong>villam&amp;</strong></span> <span class='ocrx_word' id='word_1_76' title='bbox 744 736 790 761; x_wconf 83' lang='lat' dir='ltr'><strong>ex</strong></span> <span class='ocrx_word' id='word_1_77' title='bbox 822 730 882 760; x_wconf 86' lang='lat' dir='ltr'><strong>tot</strong></span> <span class='ocrx_word' id='word_1_78' title='bbox 923 719 1006 758; x_wconf 80' lang='lat' dir='ltr'><strong>aliis</strong></span> <span class='ocrx_word' id='word_1_79' title='bbox 1059 715 1500 772; x_wconf 78' lang='lat' dir='ltr'><strong>magnificentissimam</strong></span> 
     </span>
     <span class='ocr_line' id='line_1_11' title="bbox 137 773 1503 836; baseline -0.004 -16"><span class='ocrx_word' id='word_1_80' title='bbox 137 778 315 835; x_wconf 80' lang='lat' dir='ltr'><strong>possedit</strong></span> <span class='ocrx_word' id='word_1_81' title='bbox 336 810 346 829; x_wconf 83' lang='lat'><strong>‚</strong></span> <span class='ocrx_word' id='word_1_82' title='bbox 382 779 638 834; x_wconf 85' lang='lat' dir='ltr'><strong>maximoque</strong></span> <span class='ocrx_word' id='word_1_83' title='bbox 670 790 837 836; x_wconf 87' lang='lat' dir='ltr'><strong>sumptu</strong></span> <span class='ocrx_word' id='word_1_84' title='bbox 868 776 1133 817; x_wconf 78' lang='lat' dir='ltr'><strong>aedificatam.</strong></span> <span class='ocrx_word' id='word_1_85' title='bbox 1165 776 1214 814; x_wconf 90' lang='lat' dir='ltr'><strong>In</strong></span> <span class='ocrx_word' id='word_1_86' title='bbox 1246 773 1335 813; x_wconf 71' lang='lat' dir='ltr'><strong>villa</strong></span> <span class='ocrx_word' id='word_1_87' title='bbox 1381 775 1503 814; x_wconf 84' lang='lat' dir='ltr'><strong>Mise-</strong></span> 
     </span>
     <span class='ocr_line' id='line_1_12' title="bbox 138 834 1506 891; baseline -0.003 -15"><span class='ocrx_word' id='word_1_88' title='bbox 138 838 250 877; x_wconf 88' lang='lat' dir='ltr'><strong>nensi</strong></span> <span class='ocrx_word' id='word_1_89' title='bbox 280 847 434 891; x_wconf 82' lang='lat' dir='ltr'><strong>praeter</strong></span> <span class='ocrx_word' id='word_1_90' title='bbox 467 836 543 876; x_wconf 81' lang='lat' dir='ltr'><strong>alia</strong></span> <span class='ocrx_word' id='word_1_91' title='bbox 575 851 864 878; x_wconf 79' lang='lat' dir='ltr'><strong>muraenarum</strong></span> <span class='ocrx_word' id='word_1_92' title='bbox 897 835 1046 875; x_wconf 85' lang='lat' dir='ltr'><strong>vivaria</strong></span> <span class='ocrx_word' id='word_1_93' title='bbox 1071 866 1085 885; x_wconf 86' lang='lat'><em>,</em></span> <span class='ocrx_word' id='word_1_94' title='bbox 1122 834 1374 888; x_wconf 76' lang='lat' dir='ltr'>piscinasque</span> <span class='ocrx_word' id='word_1_95' title='bbox 1406 846 1506 872; x_wconf 86' lang='lat' dir='ltr'><strong>cou-</strong></span> 
     </span>
     <span class='ocr_line' id='line_1_13' title="bbox 139 891 1506 951; baseline -0.004 -17"><span class='ocrx_word' id='word_1_96' title='bbox 139 894 296 934; x_wconf 75' lang='lat' dir='ltr'>struxit.</span> <span class='ocrx_word' id='word_1_97' title='bbox 330 897 389 935; x_wconf 85' lang='lat' dir='ltr'><strong>Ex</strong></span> <span class='ocrx_word' id='word_1_98' title='bbox 423 895 665 951; x_wconf 80' lang='lat' dir='ltr'>Tranquillo</span> <span class='ocrx_word' id='word_1_99' title='bbox 697 895 738 934; x_wconf 86' lang='lat' dir='ltr'><strong>in</strong></span> <span class='ocrx_word' id='word_1_100' title='bbox 771 894 935 935; x_wconf 89' lang='lat' dir='ltr'><strong>Tiberio</strong></span> <span class='ocrx_word' id='word_1_101' title='bbox 969 908 1000 933; x_wconf 89' lang='lat' dir='ltr'><strong>c.</strong></span> <span class='ocrx_word' id='word_1_102' title='bbox 1036 895 1090 947; x_wconf 77' lang='lat'><strong>73</strong></span> <span class='ocrx_word' id='word_1_103' title='bbox 1124 893 1233 932; x_wconf 88' lang='lat' dir='ltr'><strong>hunc</strong></span> <span class='ocrx_word' id='word_1_104' title='bbox 1280 891 1506 945; x_wconf 82' lang='lat' dir='ltr'><strong>Imperato-</strong></span> 
     </span>
     <span class='ocr_line' id='line_1_14' title="bbox 136 950 1506 1006; baseline -0.003 -14"><span class='ocrx_word' id='word_1_105' title='bbox 136 965 223 993; x_wconf 80' lang='lat' dir='ltr'><strong>rem</strong></span> <span class='ocrx_word' id='word_1_106' title='bbox 255 967 487 1006; x_wconf 77' lang='lat' dir='ltr'>supremam</span> <span class='ocrx_word' id='word_1_107' title='bbox 523 953 787 994; x_wconf 82' lang='lat' dir='ltr'><strong>heic·obiisse</strong></span> <span class='ocrx_word' id='word_1_108' title='bbox 821 952 932 993; x_wconf 86' lang='lat' dir='ltr'><strong>diem</strong></span> <span class='ocrx_word' id='word_1_109' title='bbox 972 962 1146 993; x_wconf 85' lang='lat' dir='ltr'><strong>constat.</strong></span> <span class='ocrx_word' id='word_1_110' title='bbox 1195 950 1361 990; x_wconf 78' lang='lat' dir='ltr'>Tacitus</span> <span class='ocrx_word' id='word_1_111' title='bbox 1412 963 1506 988; x_wconf 85' lang='lat' dir='ltr'><strong>ean—</strong></span> 
     </span>
     <span class='ocr_line' id='line_1_15' title="bbox 139 1004 1510 1053; baseline -0.001 -6"><span class='ocrx_word' id='word_1_112' title='bbox 139 1007 233 1048; x_wconf 87' lang='lat' dir='ltr'><strong>dem</strong></span> <span class='ocrx_word' id='word_1_113' title='bbox 267 1021 462 1050; x_wconf 78' lang='lat' dir='ltr'><strong>inemorat</strong></span> <span class='ocrx_word' id='word_1_114' title='bbox 498 1012 643 1050; x_wconf 83' lang='lat' dir='ltr'><strong>Annai.</strong></span> <span class='ocrx_word' id='word_1_115' title='bbox 673 1011 749 1052; x_wconf 64' lang='lat' dir='ltr'><strong>dib.</strong></span> <span class='ocrx_word' id='word_1_116' title='bbox 785 1011 859 1051; x_wconf 88' lang='lat' dir='ltr'><strong>VI.</strong></span> <span class='ocrx_word' id='word_1_117' title='bbox 895 1026 929 1052; x_wconf 88' lang='lat' dir='ltr'><strong>e.</strong></span> <span class='ocrx_word' id='word_1_118' title='bbox 962 1011 1085 1053; x_wconf 86' lang='lat' dir='ltr'><strong>5oet</strong></span> <span class='ocrx_word' id='word_1_119' title='bbox 1122 1007 1332 1049; x_wconf 72' lang='lat' dir='ltr'>Phaedrus</span> <span class='ocrx_word' id='word_1_120' title='bbox 1366 1004 1415 1047; x_wconf 87' lang='lat' dir='ltr'><strong>de</strong></span> <span class='ocrx_word' id='word_1_121' title='bbox 1465 1021 1510 1046; x_wconf 84' lang='lat' dir='ltr'><strong>ea</strong></span> 
     </span>
     <span class='ocr_line' id='line_1_16' title="bbox 137 1065 924 1110; baseline 0.004 -4"><span class='ocrx_word' id='word_1_122' title='bbox 137 1065 194 1106; x_wconf 79' lang='lat' dir='ltr'><strong>sic</strong></span> <span class='ocrx_word' id='word_1_123' title='bbox 224 1067 345 1108; x_wconf 71' lang='lat' dir='ltr'><strong>etiam</strong></span> <span class='ocrx_word' id='word_1_124' title='bbox 388 1068 540 1110; x_wconf 79' lang='lat' dir='ltr'>scribit.</span> <span class='ocrx_word' id='word_1_125' title='bbox 575 1067 643 1109; x_wconf 89' lang='lat' dir='ltr'><strong>lib.</strong></span> <span class='ocrx_word' id='word_1_126' title='bbox 674 1069 724 1110; x_wconf 87' lang='lat' dir='ltr'><strong>II.</strong></span> <span class='ocrx_word' id='word_1_127' title='bbox 762 1068 860 1110; x_wconf 79' lang='lat' dir='ltr'><strong>Fab.</strong></span> <span class='ocrx_word' id='word_1_128' title='bbox 895 1068 924 1109; x_wconf 82' lang='grc'><strong>5-</strong></span> 
     </span>
    </p>
   </div>
   <div class='ocr_carea' id='block_1_3' title="bbox 225 1180 1516 1412">
    <p class='ocr_par' dir='ltr' id='par_1_4' title="bbox 259 1180 1287 1240">
     <span class='ocr_line' id='line_1_17' title="bbox 259 1180 1287 1240; baseline -0.001 -17"><span class='ocrx_word' id='word_1_129' title='bbox 259 1185 425 1223; x_wconf 78' lang='lat' dir='ltr'><strong>Caesar·</strong></span> <span class='ocrx_word' id='word_1_130' title='bbox 473 1183 666 1225; x_wconf 80' lang='lat' dir='ltr'><strong>Tiberius</strong></span> <span class='ocrx_word' id='word_1_131' title='bbox 699 1199 795 1226; x_wconf 82' lang='lat' dir='ltr'><strong>cum</strong></span> <span class='ocrx_word' id='word_1_132' title='bbox 827 1193 983 1240; x_wconf 79' lang='lat' dir='ltr'><strong>petens</strong></span> <span class='ocrx_word' id='word_1_133' title='bbox 1011 1180 1254 1237; x_wconf 81' lang='lat' dir='ltr'><strong>&#39;Neapolim</strong></span> <span class='ocrx_word' id='word_1_134' title='bbox 1275 1210 1287 1231; x_wconf 87' lang='lat'>,</span> 
     </span>
    </p>

    <p class='ocr_par' dir='ltr' id='par_1_5' title="bbox 255 1240 1217 1291">
     <span class='ocr_line' id='line_1_18' title="bbox 255 1240 1217 1291; baseline -0.002 -9"><span class='ocrx_word' id='word_1_135' title='bbox 255 1240 312 1282; x_wconf 83' lang='lat' dir='ltr'><strong>In</strong></span> <span class='ocrx_word' id='word_1_136' title='bbox 353 1243 616 1283; x_wconf 79' lang='lat' dir='ltr'><strong>Misenatem</strong></span> <span class='ocrx_word' id='word_1_137' title='bbox 649 1243 805 1283; x_wconf 79' lang='lat' dir='ltr'><strong>villam</strong></span> <span class='ocrx_word' id='word_1_138' title='bbox 844 1248 1029 1284; x_wconf 72' lang='lat' dir='ltr'><strong>venisset</strong></span> <span class='ocrx_word' id='word_1_139' title='bbox 1060 1255 1217 1291; x_wconf 70' lang='lat' dir='ltr'><strong>sicam,</strong></span> 
     </span>
    </p>

    <p class='ocr_par' dir='ltr' id='par_1_6' title="bbox 225 1298 1516 1412">
     <span class='ocr_line' id='line_1_19' title="bbox 265 1298 1359 1356; baseline -0.001 -18"><span class='ocrx_word' id='word_1_140' title='bbox 265 1298 390 1353; x_wconf 71' lang='lat' dir='ltr'><strong>Quae</strong></span> <span class='ocrx_word' id='word_1_141' title='bbox 425 1310 570 1341; x_wconf 80' lang='lat' dir='ltr'><strong>monte</strong></span> <span class='ocrx_word' id='word_1_142' title='bbox 602 1315 773 1342; x_wconf 74' lang='lat' dir='ltr'><strong>summo</strong></span> <span class='ocrx_word' id='word_1_143' title='bbox 807 1302 954 1356; x_wconf 75' lang='lat' dir='ltr'><strong>posita</strong></span> <span class='ocrx_word' id='word_1_144' title='bbox 990 1299 1166 1340; x_wconf 78' lang='lat' dir='ltr'><em>Luculli</em></span> <span class='ocrx_word' id='word_1_145' title='bbox 1196 1311 1359 1349; x_wconf 64' lang='lat' dir='ltr'><strong>timna,</strong></span> 
     </span>
     <span class='ocr_line' id='line_1_20' title="bbox 225 1357 1516 1412; baseline -0.001 -15"><span class='ocrx_word' id='word_1_146' title='bbox 225 1361 505 1412; x_wconf 78' lang='lat' dir='ltr'><strong>&#39;Prospectat</strong></span> <span class='ocrx_word' id='word_1_147' title='bbox 544 1359 734 1400; x_wconf 77' lang='lat' dir='ltr'><strong>Siculum</strong></span> <span class='ocrx_word' id='word_1_148' title='bbox 761 1390 777 1410; x_wconf 82' lang='lat'><em>,</em></span> <span class='ocrx_word' id='word_1_149' title='bbox 829 1368 869 1399; x_wconf 79' lang='lat' dir='ltr'><strong>et</strong></span> <span class='ocrx_word' id='word_1_150' title='bbox 900 1357 1113 1412; x_wconf 73' lang='lat' dir='ltr'><em>prospicit</em></span> <span class='ocrx_word' id='word_1_151' title='bbox 1159 1358 1340 1398; x_wconf 72' lang='lat' dir='ltr'><strong>Tuscum</strong></span> <span class='ocrx_word' id='word_1_152' title='bbox 1376 1370 1516 1397; x_wconf 77' lang='lat' dir='ltr'><strong>mare.</strong></span> 
     </span>
    </p>
   </div>
   <div class='ocr_carea' id='block_1_4' title="bbox 140 1470 1741 2347">
    <p class='ocr_par' dir='ltr' id='par_1_7' title="bbox 140 1470 1515 2287">
     <span class='ocr_line' id='line_1_21' title="bbox 261 1470 1514 1528; baseline 0.002 -18"><span class='ocrx_word' id='word_1_153' title='bbox 261 1470 391 1526; x_wconf 83' lang='lat' dir='ltr'><strong>Super</strong></span> <span class='ocrx_word' id='word_1_154' title='bbox 424 1473 505 1513; x_wconf 84' lang='lat' dir='ltr'><strong>hoc</strong></span> <span class='ocrx_word' id='word_1_155' title='bbox 545 1474 666 1514; x_wconf 83' lang='lat' dir='ltr'><strong>etiam</strong></span> <span class='ocrx_word' id='word_1_156' title='bbox 699 1471 816 1515; x_wconf 86' lang='lat' dir='ltr'><strong>litore</strong></span> <span class='ocrx_word' id='word_1_157' title='bbox 844 1473 923 1514; x_wconf 87' lang='lat' dir='ltr'><strong>fuit</strong></span> <span class='ocrx_word' id='word_1_158' title='bbox 954 1472 1073 1513; x_wconf 82' lang='lat' dir='ltr'><strong>etiam</strong></span> <span class='ocrx_word' id='word_1_159' title='bbox 1105 1471 1211 1515; x_wconf 66' lang='lat' dir='ltr'><strong>villa‘</strong></span> <span class='ocrx_word' id='word_1_160' title='bbox 1234 1471 1425 1520; x_wconf 78' lang='lat' dir='ltr'><strong>Gracchi,</strong></span> <span class='ocrx_word' id='word_1_161' title='bbox 1442 1471 1514 1528; x_wconf 84' lang='lat' dir='ltr'><strong>qui</strong></span> 
     </span>
     <span class='ocr_line' id='line_1_22' title="bbox 140 1527 1513 1585; baseline 0.001 -16"><span class='ocrx_word' id='word_1_162' title='bbox 140 1527 266 1583; x_wconf 83' lang='lat' dir='ltr'><strong>legem</strong></span> <span class='ocrx_word' id='word_1_163' title='bbox 300 1532 447 1570; x_wconf 85' lang='lat' dir='ltr'><strong>tulerat</strong></span> <span class='ocrx_word' id='word_1_164' title='bbox 479 1533 702 1585; x_wconf 81' lang='lat' dir='ltr'><strong>Agrariam.</strong></span> <span class='ocrx_word' id='word_1_165' title='bbox 753 1533 917 1575; x_wconf 75' lang='lat' dir='ltr'><strong>Praeter</strong></span> <span class='ocrx_word' id='word_1_166' title='bbox 962 1531 1074 1572; x_wconf 88' lang='lat' dir='ltr'><strong>urbis</strong></span> <span class='ocrx_word' id='word_1_167' title='bbox 1118 1530 1264 1571; x_wconf 84' lang='lat' dir='ltr'><strong>Miseni</strong></span> <span class='ocrx_word' id='word_1_168' title='bbox 1318 1531 1474 1571; x_wconf 79' lang='lat' dir='ltr'><strong>theatra</strong></span> <span class='ocrx_word' id='word_1_169' title='bbox 1500 1562 1513 1580; x_wconf 86' lang='lat'>‚</span> 
     </span>
     <span class='ocr_line' id='line_1_23' title="bbox 143 1588 1513 1645; baseline 0.002 -19"><span class='ocrx_word' id='word_1_170' title='bbox 143 1600 324 1643; x_wconf 84' lang='lat' dir='ltr'><strong>quorum</strong></span> <span class='ocrx_word' id='word_1_171' title='bbox 361 1603 468 1628; x_wconf 87' lang='lat' dir='ltr'><strong>nunc</strong></span> <span class='ocrx_word' id='word_1_172' title='bbox 505 1589 612 1629; x_wconf 84' lang='lat' dir='ltr'><strong>nulla</strong></span> <span class='ocrx_word' id='word_1_173' title='bbox 644 1600 828 1645; x_wconf 76' lang='lat' dir='ltr'><strong>superest</strong></span> <span class='ocrx_word' id='word_1_174' title='bbox 868 1590 1099 1639; x_wconf 87' lang='lat' dir='ltr'><strong>memoria,</strong></span> <span class='ocrx_word' id='word_1_175' title='bbox 1134 1588 1255 1628; x_wconf 88' lang='lat' dir='ltr'><strong>fuisse</strong></span> <span class='ocrx_word' id='word_1_176' title='bbox 1311 1599 1349 1628; x_wconf 85' lang='lat' dir='ltr'><strong>et</strong></span> <span class='ocrx_word' id='word_1_177' title='bbox 1405 1588 1513 1629; x_wconf 86' lang='lat' dir='ltr'><strong>aliud</strong></span> 
     </span>
     <span class='ocr_line' id='line_1_24' title="bbox 142 1644 1512 1702; baseline 0.003 -18"><span class='ocrx_word' id='word_1_178' title='bbox 142 1655 298 1687; x_wconf 80' lang='lat' dir='ltr'><strong>constat</strong></span> <span class='ocrx_word' id='word_1_179' title='bbox 340 1662 460 1702; x_wconf 87' lang='lat' dir='ltr'><strong>super</strong></span> <span class='ocrx_word' id='word_1_180' title='bbox 490 1645 587 1688; x_wconf 70' lang='lat' dir='ltr'><strong>Litus</strong></span> <span class='ocrx_word' id='word_1_181' title='bbox 625 1649 756 1690; x_wconf 79' lang='lat' dir='ltr'><strong>classis</strong></span> <span class='ocrx_word' id='word_1_182' title='bbox 790 1647 1026 1688; x_wconf 82' lang='lat' dir='ltr'><strong>Misenensis</strong></span> <span class='ocrx_word' id='word_1_183' title='bbox 1075 1644 1322 1689; x_wconf 80' lang='lat' dir='ltr'><strong>commodo:</strong></span> <span class='ocrx_word' id='word_1_184' title='bbox 1345 1647 1512 1688; x_wconf 88' lang='lat' dir='ltr'><strong>huiusce</strong></span> 
     </span>
     <span class='ocr_line' id='line_1_25' title="bbox 141 1703 1512 1760; baseline 0.004 -18"><span class='ocrx_word' id='word_1_185' title='bbox 141 1703 286 1743; x_wconf 78' lang='lat' dir='ltr'><strong>theatri</strong></span> <span class='ocrx_word' id='word_1_186' title='bbox 325 1706 461 1745; x_wconf 85' lang='lat' dir='ltr'><strong>ruinae</strong></span> <span class='ocrx_word' id='word_1_187' title='bbox 499 1717 634 1746; x_wconf 78' lang='lat' dir='ltr'><strong>extant</strong></span> <span class='ocrx_word' id='word_1_188' title='bbox 664 1706 799 1747; x_wconf 85' lang='lat' dir='ltr'><strong>adhuc</strong></span> <span class='ocrx_word' id='word_1_189' title='bbox 829 1706 901 1749; x_wconf 89' lang='lat' dir='ltr'><strong>ibi.</strong></span> <span class='ocrx_word' id='word_1_190' title='bbox 932 1708 1064 1756; x_wconf 80' lang='lat' dir='ltr'><strong>Super</strong></span> <span class='ocrx_word' id='word_1_191' title='bbox 1115 1705 1224 1746; x_wconf 86' lang='lat' dir='ltr'><strong>idem</strong></span> <span class='ocrx_word' id='word_1_192' title='bbox 1276 1714 1512 1760; x_wconf 86' lang='lat' dir='ltr'><strong>promonto-</strong></span> 
     </span>
     <span class='ocr_line' id='line_1_26' title="bbox 146 1760 1514 1819; baseline 0 -16"><span class='ocrx_word' id='word_1_193' title='bbox 146 1760 256 1803; x_wconf 74' lang='lat' dir='ltr'><strong>tium</strong></span> <span class='ocrx_word' id='word_1_194' title='bbox 289 1762 365 1801; x_wconf 87' lang='lat' dir='ltr'><strong>fuit</strong></span> <span class='ocrx_word' id='word_1_195' title='bbox 398 1763 496 1803; x_wconf 85' lang='lat' dir='ltr'><strong>olim</strong></span> <span class='ocrx_word' id='word_1_196' title='bbox 529 1766 678 1819; x_wconf 85' lang='lat' dir='ltr'><strong>pharus</strong></span> <span class='ocrx_word' id='word_1_197' title='bbox 714 1767 838 1805; x_wconf 85' lang='lat' dir='ltr'><strong>instar</strong></span> <span class='ocrx_word' id='word_1_198' title='bbox 875 1766 1120 1805; x_wconf 83' lang='lat' dir='ltr'><strong>Puteolanae</strong></span> <span class='ocrx_word' id='word_1_199' title='bbox 1152 1778 1173 1802; x_wconf 91' lang='lat' dir='ltr'><strong>a</strong></span> <span class='ocrx_word' id='word_1_200' title='bbox 1205 1763 1337 1804; x_wconf 80' lang='lat' dir='ltr'><strong>Plinio</strong></span> <span class='ocrx_word' id='word_1_201' title='bbox 1364 1770 1514 1804; x_wconf 82' lang='lat' dir='ltr'><strong>memo-</strong></span> 
     </span>
     <span class='ocr_line' id='line_1_27' title="bbox 145 1821 1512 1878; baseline 0.001 -18"><span class='ocrx_word' id='word_1_202' title='bbox 145 1829 254 1862; x_wconf 80' lang='lat' dir='ltr'><strong>ratae</strong></span> <span class='ocrx_word' id='word_1_203' title='bbox 285 1821 572 1862; x_wconf 52' lang='lat' dir='ltr'><strong>Heu-Natum</strong></span> <span class='ocrx_word' id='word_1_204' title='bbox 607 1821 679 1865; x_wconf 89' lang='lat' dir='ltr'><strong>lib.</strong></span> <span class='ocrx_word' id='word_1_205' title='bbox 713 1821 912 1865; x_wconf 85' lang='lat' dir='ltr'>XXXVI.</span> <span class='ocrx_word' id='word_1_206' title='bbox 945 1838 978 1862; x_wconf 86' lang='lat' dir='ltr'><strong>c.</strong></span> <span class='ocrx_word' id='word_1_207' title='bbox 1022 1835 1083 1876; x_wconf 61' lang='lat'><strong>¹22</strong></span> <span class='ocrx_word' id='word_1_208' title='bbox 1110 1824 1281 1862; x_wconf 81' lang='lat' dir='ltr'><strong>Veteres</strong></span> <span class='ocrx_word' id='word_1_209' title='bbox 1298 1821 1512 1878; x_wconf 85' lang='lat' dir='ltr'><strong>quondam</strong></span> 
     </span>
     <span class='ocr_line' id='line_1_28' title="bbox 143 1878 1510 1934; baseline 0.002 -16"><span class='ocrx_word' id='word_1_210' title='bbox 143 1878 324 1923; x_wconf 79' lang='lat' dir='ltr'><strong>0010niae</strong></span> <span class='ocrx_word' id='word_1_211' title='bbox 351 1893 405 1918; x_wconf 81' lang='lat' dir='ltr'><strong>ex</strong></span> <span class='ocrx_word' id='word_1_212' title='bbox 448 1880 698 1934; x_wconf 79' lang='lat' dir='ltr'><strong>temporibus</strong></span> <span class='ocrx_word' id='word_1_213' title='bbox 737 1879 1012 1921; x_wconf 83' lang='lat' dir='ltr'><strong>remotissimis</strong></span> <span class='ocrx_word' id='word_1_214' title='bbox 1042 1879 1269 1920; x_wconf 82' lang='lat' dir='ltr'><strong>Graiorum</strong></span> <span class='ocrx_word' id='word_1_215' title='bbox 1325 1895 1420 1919; x_wconf 86' lang='lat' dir='ltr'><strong>usus</strong></span> <span class='ocrx_word' id='word_1_216' title='bbox 1471 1880 1510 1922; x_wconf 91' lang='lat' dir='ltr'><strong>in</strong></span> 
     </span>
     <span class='ocr_line' id='line_1_29' title="bbox 145 1936 1513 1994; baseline -0.001 -15"><span class='ocrx_word' id='word_1_217' title='bbox 145 1937 293 1978; x_wconf 84' lang='lat' dir='ltr'><strong>nostris</strong></span> <span class='ocrx_word' id='word_1_218' title='bbox 329 1936 553 1992; x_wconf 83' lang='lat' dir='ltr'><strong>regionibus</strong></span> <span class='ocrx_word' id='word_1_219' title='bbox 583 1939 865 1979; x_wconf 87' lang='lat' dir='ltr'><strong>invectaruut:</strong></span> <span class='ocrx_word' id='word_1_220' title='bbox 917 1948 1169 1994; x_wconf 83' lang='lat' dir='ltr'><strong>quapropter</strong></span> <span class='ocrx_word' id='word_1_221' title='bbox 1221 1937 1272 1978; x_wconf 81' lang='lat' dir='ltr'><strong>ad</strong></span> <span class='ocrx_word' id='word_1_222' title='bbox 1327 1938 1513 1993; x_wconf 85' lang='lat' dir='ltr'><strong>navigan-</strong></span> 
     </span>
     <span class='ocr_line' id='line_1_30' title="bbox 147 1995 1515 2038; baseline -0.001 -2"><span class='ocrx_word' id='word_1_223' title='bbox 147 1997 253 2037; x_wconf 83' lang='lat' dir='ltr'><strong>tium</strong></span> <span class='ocrx_word' id='word_1_224' title='bbox 287 1997 552 2037; x_wconf 69' lang='lat' dir='ltr'><strong>commodum</strong></span> <span class='ocrx_word' id='word_1_225' title='bbox 594 1998 697 2038; x_wconf 82' lang='lat' dir='ltr'><strong>hanc</strong></span> <span class='ocrx_word' id='word_1_226' title='bbox 735 1998 883 2038; x_wconf 87' lang='lat' dir='ltr'><strong>molem</strong></span> <span class='ocrx_word' id='word_1_227' title='bbox 915 2005 1152 2037; x_wconf 85' lang='lat' dir='ltr'><strong>erexerunt:</strong></span> <span class='ocrx_word' id='word_1_228' title='bbox 1192 2012 1234 2037; x_wconf 80' lang='lat' dir='ltr'><strong>ea</strong></span> <span class='ocrx_word' id='word_1_229' title='bbox 1271 1995 1441 2038; x_wconf 83' lang='lat' dir='ltr'><strong>fortasse</strong></span> <span class='ocrx_word' id='word_1_230' title='bbox 1475 2010 1515 2036; x_wconf 88' lang='lat' dir='ltr'><strong>a·</strong></span> 
     </span>
     <span class='ocr_line' id='line_1_31' title="bbox 143 2053 1510 2106; baseline 0 -10"><span class='ocrx_word' id='word_1_231' title='bbox 143 2055 254 2097; x_wconf 85' lang='lat' dir='ltr'><strong>dhuc</strong></span> <span class='ocrx_word' id='word_1_232' title='bbox 285 2055 479 2106; x_wconf 78' lang='lat' dir='ltr'><strong>extabat,</strong></span> <span class='ocrx_word' id='word_1_233' title='bbox 509 2070 604 2097; x_wconf 88' lang='lat' dir='ltr'><strong>cum</strong></span> <span class='ocrx_word' id='word_1_234' title='bbox 636 2055 810 2097; x_wconf 84' lang='lat' dir='ltr'><strong>Romani</strong></span> <span class='ocrx_word' id='word_1_235' title='bbox 851 2055 959 2096; x_wconf 86' lang='lat' dir='ltr'><strong>hisee</strong></span> <span class='ocrx_word' id='word_1_236' title='bbox 1001 2053 1198 2095; x_wconf 81' lang='lat' dir='ltr'><strong>dominati</strong></span> <span class='ocrx_word' id='word_1_237' title='bbox 1241 2066 1338 2096; x_wconf 84' lang='lat' dir='ltr'><strong>sunt</strong></span> <span class='ocrx_word' id='word_1_238' title='bbox 1376 2055 1510 2106; x_wconf 86' lang='lat' dir='ltr'><strong>locis;</strong></span> 
     </span>
     <span class='ocr_line' id='line_1_32' title="bbox 146 2112 1504 2170; baseline -0.001 -14"><span class='ocrx_word' id='word_1_239' title='bbox 146 2113 322 2170; x_wconf 83' lang='lat' dir='ltr'><strong>sequiori</strong></span> <span class='ocrx_word' id='word_1_240' title='bbox 356 2130 453 2155; x_wconf 82' lang='lat' dir='ltr'><strong>aevo</strong></span> <span class='ocrx_word' id='word_1_241' title='bbox 489 2130 652 2166; x_wconf 85' lang='lat' dir='ltr'><strong>eversa,</strong></span> <span class='ocrx_word' id='word_1_242' title='bbox 689 2126 728 2155; x_wconf 87' lang='lat' dir='ltr'><strong>et</strong></span> <span class='ocrx_word' id='word_1_243' title='bbox 762 2113 855 2155; x_wconf 88' lang='lat' dir='ltr'><strong>inde</strong></span> <span class='ocrx_word' id='word_1_244' title='bbox 878 2112 1037 2154; x_wconf 82' lang='lat' dir='ltr'><strong>nullum</strong></span> <span class='ocrx_word' id='word_1_245' title='bbox 1055 2113 1256 2169; x_wconf 82' lang='lat' dir='ltr'><strong>superfuit</strong></span> <span class='ocrx_word' id='word_1_246' title='bbox 1276 2113 1504 2167; x_wconf 83' lang='lat' dir='ltr'><strong>vestigium.</strong></span> 
     </span>
     <span class='ocr_line' id='line_1_33' title="bbox 146 2171 1506 2229; baseline -0.001 -16"><span class='ocrx_word' id='word_1_247' title='bbox 146 2172 195 2213; x_wconf 79' lang='lat' dir='ltr'><strong>ld</strong></span> <span class='ocrx_word' id='word_1_248' title='bbox 219 2186 338 2217; x_wconf 87' lang='lat' dir='ltr'><strong>omne</strong></span> <span class='ocrx_word' id='word_1_249' title='bbox 374 2174 595 2228; x_wconf 72' lang='lat' dir='ltr'><strong>accipimus</strong></span> <span class='ocrx_word' id='word_1_250' title='bbox 634 2188 678 2213; x_wconf 87' lang='lat' dir='ltr'><strong>ex</strong></span> <span class='ocrx_word' id='word_1_251' title='bbox 714 2174 918 2215; x_wconf 84' lang='lat' dir='ltr'><strong>Romanae</strong></span> <span class='ocrx_word' id='word_1_252' title='bbox 955 2171 1146 2213; x_wconf 83' lang='lat' dir='ltr'><strong>historiae</strong></span> <span class='ocrx_word' id='word_1_253' title='bbox 1199 2171 1466 2229; x_wconf 77' lang='lat' dir='ltr'><strong>scriptoribus</strong></span> <span class='ocrx_word' id='word_1_254' title='bbox 1492 2201 1506 2221; x_wconf 92' lang='lat'>,</span> 
     </span>
     <span class='ocr_line' id='line_1_34' title="bbox 149 2229 849 2287; baseline -0.004 -14"><span class='ocrx_word' id='word_1_255' title='bbox 149 2231 221 2287; x_wconf 86' lang='lat' dir='ltr'><strong>qui</strong></span> <span class='ocrx_word' id='word_1_256' title='bbox 255 2229 333 2270; x_wconf 83' lang='lat' dir='ltr'><strong>hoc</strong></span> <span class='ocrx_word' id='word_1_257' title='bbox 375 2233 592 2272; x_wconf 84' lang='lat' dir='ltr'><strong>memoriae</strong></span> <span class='ocrx_word' id='word_1_258' title='bbox 624 2232 849 2286; x_wconf 88' lang='lat' dir='ltr'><strong>prodidere.</strong></span> 
     </span>
    </p>

    <p class='ocr_par' dir='ltr' id='par_1_8' title="bbox 260 2285 1741 2347">
     <span class='ocr_line' id='line_1_35' title="bbox 260 2285 1741 2347; baseline 0.001 -18"><span class='ocrx_word' id='word_1_259' title='bbox 260 2285 332 2329; x_wconf 87' lang='lat' dir='ltr'><strong>Illa</strong></span> <span class='ocrx_word' id='word_1_260' title='bbox 364 2305 456 2331; x_wconf 87' lang='lat' dir='ltr'><strong>vero</strong></span> <span class='ocrx_word' id='word_1_261' title='bbox 491 2305 610 2347; x_wconf 85' lang='lat' dir='ltr'><strong>pars,</strong></span> <span class='ocrx_word' id='word_1_262' title='bbox 642 2305 748 2347; x_wconf 81' lang='lat' dir='ltr'><strong>quae</strong></span> <span class='ocrx_word' id='word_1_263' title='bbox 778 2292 880 2333; x_wconf 83' lang='lat' dir='ltr'><strong>iacet</strong></span> <span class='ocrx_word' id='word_1_264' title='bbox 916 2291 1022 2333; x_wconf 82' lang='lat' dir='ltr'><strong>inter</strong></span> <span class='ocrx_word' id='word_1_265' title='bbox 1061 2289 1298 2344; x_wconf 82' lang='lat' dir='ltr'><strong>Misenum,</strong></span> <span class='ocrx_word' id='word_1_266' title='bbox 1332 2300 1373 2331; x_wconf 87' lang='lat' dir='ltr'><strong>et</strong></span> <span class='ocrx_word' id='word_1_267' title='bbox 1388 2302 1620 2335; x_wconf 66' lang='lat' dir='ltr'><strong>mon-unitum</strong></span> <span class='ocrx_word' id='word_1_268' title='bbox 1635 2303 1741 2333; x_wconf 63' lang='lat' dir='ltr'><strong>seboin.</strong></span> 
     </span>
    </p>
   </div>
  </div>
 </body>
</html>
