1920 2579
1518 138 1569 175 25

201 202 448 258 indulgentia
481 215 639 256 semper
674 208 841 252 utente,
874 199 979 241 cives
1012 197 1129 249 otio,
1155 196 1340 250 vitaeque
1373 194 1566 234 illecebxis

202 262 422 303 vacabant:
460 260 567 300 unde
596 260 747 299 mirum
783 257 920 307 haud,
950 259 981 298 si
1014 256 1272 309 magnificum
1308 256 1346 294 in
1382 254 1465 308 ipsa
1500 253 1567 293 de-

198 322 394 376 scriptum
443 317 805 374 Amphitheatrum
858 318 959 356 cives
991 315 1226 370 erigendum
1259 314 1474 361 curarint,
1532 324 1568 351 et

203 379 425 420 Theatrum
460 391 626 432 quoque
659 374 985 424 nobilissimum,
1019 374 1057 413 in
1093 389 1174 429 quo
1207 371 1350 413 scenici
1386 372 1468 410 ludi
1488 386 1568 410 sae-

202 437 363 492 pissime
395 435 630 476 edebantur.
665 435 755 474 Hoc
787 433 893 485 fuit,
942 433 1008 474 ubi
1043 432 1140 474 olim
1175 441 1287 472 crant
1337 431 1567 484 Hercnymi

202 494 430 536 Columnae
461 493 584 544 horti,
603 503 642 534 et
677 490 779 532 illud
810 491 1121 534 terraemotibus
1155 488 1341 540 desedit,
1367 489 1567 544 longaque

204 563 401 594 vetustate
432 550 722 596 senescens-ln
757 552 840 592 eius
872 551 998 591 ruinis
1031 551 1108 590 hoc
1143 548 1218 588 fuit
1242 558 1448 602 repertum
1470 563 1577 588 mar·

204 610 504 654 morzGENiO
531 642 538 650 .
572 608 823 650 THEATRl
847 642 857 653 .
892 607 1162 663 AUGUSTl.
1185 607 1346 647 Praeter
1370 607 1444 646 boc
1466 606 1577 645 thea-

203 681 314 710 trum
346 669 558 721 intectum,
578 668 656 709 fuit
676 666 784 708 aliud
818 678 970 708 tectum
987 684 1008 707 a
1025 666 1189 708 Graecis
1209 672 1354 708 flesto-a
1402 663 1572 705 dictum.

205 731 294 770 Hoc
326 728 498 769 extitisse
530 728 585 768 ait
616 726 680 768 Cl.
716 726 876 777 lorius,
912 725 1051 767 Guida
1095 725 1134 765 di
1187 726 1303 766 Pozz.
1340 738 1424 778 pag.
1458 724 1510 763 66
1559 738 1577 762 c

199 786 362 841 regione
393 787 575 843 Neptuni
609 783 780 841 templi,
815 799 884 825 seu
916 784 1104 827 Thermis
1127 813 1136 831 ,
1183 785 1223 823 in
1257 797 1340 839 quo
1375 783 1469 821 loco
1503 782 1577 822 ad-

202 845 284 887 huc
317 844 431 900 plura
466 854 685 902 supersunt
719 843 878 889 rudera.
906 884 914 888 ..

323 904 533 946 Puteolani
567 904 734 945 Theatri
766 905 1018 946 mentionem
1051 904 1146 945 facit
1178 903 1310 944 Aulus
1330 900 1487 943 Gellius
1508 900 1578 940 lib.

204 960 359 1003 XVIII.
394 976 428 1004 c.
464 963 489 1003 5
521 977 692 1003 narrans
724 962 930 1017 quendam
964 963 1194 1002 Antonium
1228 959 1431 1001 Iulianum
1465 958 1570 999 Rhe-

206 1030 337 1060 torem
371 1019 411 1058 in
446 1020 622 1060 Theatro
669 1019 792 1060 Ennii
844 1030 984 1076 poetae
1019 1020 1109 1060 VII.
1157 1018 1377 1061 Annalium
1429 1017 1582 1058 librum

204 1076 358 1133 populo
391 1091 528 1119 coram
561 1077 710 1132 legisse.
746 1078 853 1119 Hinc
884 1077 1026 1118 scribit
1078 1078 1220 1118 citatus
1267 1086 1421 1116 auctor.
1479 1078 1582 1115 Cum

204 1135 400 1178 Antonio
436 1136 611 1178 Iuliano
648 1137 837 1178 Rhetore
857 1169 869 1187 ‚
901 1136 995 1178 viro
1028 1137 1174 1178 hercle
1205 1137 1318 1176 bono
1338 1165 1347 1184 ‚
1367 1143 1406 1174 et
1431 1134 1582 1183 facun-

205 1194 305 1236 diae
326 1196 535 1250 florentis
557 1227 569 1246 ,
601 1197 848 1251 complures
879 1195 1182 1237 adolescentes
1199 1192 1456 1244 familiares
1489 1194 1582 1232 eius

211 1254 426 1295 Puteolis.
463 1286 471 1295 .
505 1286 514 1295 .
551 1285 560 1294 .
595 1267 700 1297 voce
733 1254 971 1295 admodum
1003 1255 1143 1306 scita,
1177 1263 1217 1294 et
1246 1266 1413 1292 canora
1446 1248 1588 1291 Ennii

205 1314 391 1354 annales
422 1314 568 1370 legere
600 1312 661 1355 ad
685 1314 895 1370 populum
929 1319 972 1355 iu
1009 1313 1211 1354 Theatra.

324 1373 380 1414 Et
410 1372 606 1427 quoniam
639 1370 720 1412 huc
752 1387 888 1414 sermo
921 1387 994 1413 nos
1027 1370 1198 1412 deduxit
1218 1401 1234 1422 ,
1280 1370 1390 1410 iuvat
1425 1367 1514 1408 heic
1547 1383 1583 1408 e-

205 1427 394 1469 ruditum
428 1429 639 1469 advertere
669 1429 898 1478 lectorem,
948 1428 1057 1484 apud
1091 1427 1268 1469 Graecos
1319 1426 1579 1478 usuvenisse‚

206 1495 253 1539 13}
286 1486 327 1525 in
358 1485 537 1528 Theatro
570 1487 680 1527 varia
713 1495 1011 1542 peragerentur.
1060 1487 1168 1527 Nam
1221 1485 1300 1526 hoc
1348 1498 1429 1525 non
1472 1482 1580 1525 ludis

205 1552 363 1584 tantum
398 1544 564 1586 scenicis
598 1544 809 1585 inservisse
844 1545 1023 1594 scimus,
1067 1558 1209 1585 verum
1245 1543 1329 1583 aliis
1361 1542 1481 1583 etiam
1517 1556 1579 1583 re-

204 1601 299 1652 bus,
321 1615 425 1658 quae
445 1602 496 1643 ad
516 1601 812 1659 rempublicam
832 1611 1069 1659 spectarent.
1091 1602 1138 1643 In
1162 1603 1343 1643 Theatro
1364 1599 1469 1641 enim
1491 1614 1578 1641 mos

207 1660 286 1703 fuit
320 1661 477 1716 populo
509 1662 722 1703 conciones
755 1661 903 1703 habere
925 1691 940 1712 ,
984 1662 1081 1702 item
1136 1660 1185 1702 de
1217 1673 1382 1702 reorum
1422 1659 1580 1714 suppli-

204 1718 274 1758 ciis
306 1728 515 1770 statuere,
571 1718 739 1774 aliisque
788 1719 907 1760 rebus
958 1717 1094 1775 magni
1145 1718 1358 1774 momenti.
1391 1717 1500 1757 Hinc
1531 1731 1577 1757 ex

203 1776 406 1817 Frontino
437 1777 510 1819 lib.
527 1778 601 1819 Ill.
621 1779 791 1832 Strata-g.
808 1778 1039 1829 ediscimus,
1060 1777 1335 1818 Alcibiadem
1354 1769 1413 1816 din
1437 1774 1577 1815 Thea-

206 1844 269 1875 tro
303 1835 585 1888 disseruisse,
618 1834 687 1876 ubi
717 1850 778 1876 ex
815 1835 1088 1879 Graecorum
1140 1850 1261 1876 more
1292 1835 1416 1875 locus
1469 1847 1575 1874 con-

201 1893 442 1934 sultationis
467 1895 765 1947 praebebatur.
814 1892 891 1934 Cui
940 1891 1156 1950 respondet
1189 1891 1319 1933 Taciti
1351 1892 1568 1934 auctoritas

201 1951 304 1991 Hist.
333 1950 400 1992 lib.
436 1951 485 1992 II.
519 1967 551 1992 c.
587 1954 642 1993 80
674 1951 723 1993 de
741 1951 994 2008 Vespasiano
1026 1966 1254 1993 sermonem
1287 1951 1341 1991 ita
1373 1950 1565 1992 facientis:

206 2009 313 2052 Tum
363 2009 722 2053 Antiochensium
776 2010 1007 2052 Theatrum
1053 2010 1275 2068 ingressus
1307 2041 1318 2060 ‚
1367 2009 1439 2050 ubi
1479 2011 1566 2050 illis

202 2069 450 2109 consultare
481 2085 577 2111 mos
609 2078 700 2120 est,
739 2079 1073 2122 concur-rentes,
1128 2078 1168 2110 et
1197 2070 1240 2110 in
1272 2067 1569 2110 adulationem

204 2126 366 2181 effitsos
398 2129 644 2184 alloquitur.
677 2130 730 2170 Et
762 2127 941 2169 Iustinus
972 2126 1041 2169 lib.
1076 2127 1219 2170 XXII:
1250 2142 1282 2168 c.
1319 2142 1353 2171 2·
1389 2126 1438 2168 de
1470 2128 1567 2182 Aga-

202 2184 336 2226 thocle
367 2185 523 2228 Siciliae
563 2197 738 2243 tyranno
789 2186 886 2227 haee
920 2186 1087 2228 scribit:
1138 2185 1411 2244 Agathocles
1456 2187 1577 2227 velut

202 2243 465 2296 reipublicae
496 2254 653 2287 statum
672 2247 981 2297 formaturus,
1014 2247 1225 2300 populum
1257 2246 1299 2287 in
1339 2245 1569 2286 Theatrum

205 2300 265 2346 ad
295 2304 550 2347 concionem
584 2305 739 2350 vocari
768 2304 888 2354 iubet.
921 2303 1089 2347 Celebre
1133 2314 1189 2346 est
1221 2303 1323 2349 illud
1356 2303 1512 2346 facinus
1551 2333 1567 2354 ,

319 2359 493 2406 TomJl
1010 2366 1035 2416 4
