1920 2579
121 189 250 215 Thermae
270 186 318 212 Pu-

161 224 290 250 nolanae.

341 122 395 166 38

456 178 511 221 Et
542 175 737 237 quoniam
767 175 867 218 huic
900 173 1136 218 devenimus
1159 205 1172 226 ,
1223 175 1282 217 fas
1312 181 1371 217 est
1408 185 1452 216 ut
1482 190 1614 233 pauca
1649 194 1716 236 ap-

343 239 566 299 pingamus
600 238 649 278 de
671 235 908 277 Puteolanis
931 232 1099 276 thermis
1133 243 1218 275 tam
1251 234 1300 275 ab
1322 234 1501 291 antiquis
1535 237 1720 280 celebra-

343 302 408 341 tis.
444 298 693 340 Puteolanus
726 309 826 351 ager
857 293 957 335 adeo
991 309 1190 350 aquarum
1222 292 1495 349 plurimarum
1516 295 1715 338 scatebris

342 372 505 414 semper
536 352 785 402 abundavit,
818 361 864 395 ut
894 353 1032 394 nullus
1081 351 1122 392 in
1167 351 1269 393 orbe
1320 352 1439 394 locus
1490 353 1562 395 illo
1617 369 1716 410 prae

343 416 493 459 ceteris
525 414 648 455 fuerit
679 410 1006 454 commendatus.
1059 413 1142 452 Eae
1174 425 1273 453 vero
1305 425 1434 466 aquae
1467 412 1623 468 passim
1655 428 1719 455 re·

341 475 565 532 perimitur
595 472 639 513 in.
670 485 718 512 eo
751 472 857 512 solo.
908 469 973 510 Eo
1006 469 1133 525 igitur
1164 468 1349 525 pervenit
1396 468 1563 512 illarum
1600 486 1721 528 aqua-

340 550 436 575 rum
469 531 716 581 celebritate,
766 538 811 571 ut
842 544 889 570 ex
921 528 1113 569 omnibus
1147 527 1258 568 orbis
1312 526 1495 582 partibus
1553 538 1715 571 exterae

341 592 534 636 nationes
555 622 567 640 ‚
601 603 764 631 necnon
794 587 963 630 accolae
995 586 1108 643 ipsi,
1141 585 1384 640 incolaeque
1420 586 1468 627 ad
1502 588 1720 630 sanitatem

341 648 673 705 recuperandam
705 647 927 694 Puteolos,
947 653 988 685 et
1018 644 1153 687 vicina
1188 653 1452 685 accurrerent
1482 646 1586 688 loca.
1604 646 1719 699 Quin

276 705 283 709 ⁶
342 709 426 751 imo
457 706 568 750 haud
602 706 750 761 procul
781 720 803 746 a
836 701 1019 744 Puteolis
1048 699 1259 767 ’quondam
1309 700 1387 742 fuit
1435 703 1551 745 locus
1576 736 1590 753 ,
1647 704 1718 745 ubi

341 776 502 808 statuae
537 779 637 808 cum
671 761 844 805 Graecis
867 794 880 812 ,
919 761 1160 816 Latinisque
1192 759 1500 804 characteribus
1533 759 1718 811 aderant,

344 840 428 882 quo
462 823 710 867 morborum
755 821 970 864 variorum
1016 817 1265 861 medicinam
1314 818 1559 862 indicarent.
1609 819 1720 861 Hinc

338 883 540 940 temporis
573 895 797 939 progressu
828 879 984 922 factum
1015 887 1074 920 est
1099 909 1111 927 ,
1145 887 1190 919 ut
1223 875 1434 920 medentes
1467 877 1717 920 Salernitani

340 941 394 984 de
427 958 502 984 sua
552 940 630 997 ipsi
679 938 846 981 fortuna
893 937 1181 994 conquirentes
1217 935 1233 991 (
1268 936 1325 977 uti
1376 946 1513 978 narrat
1542 935 1715 978 historia

340 1015 439 1043 vero
460 1033 473 1051 ,
507 1015 559 1042 an
590 999 693 1040 falso
723 996 740 1053 )
777 996 909 1040 noctis
941 995 1106 1037 silentio
1139 994 1334 1036 Puteolos
1366 994 1619 1037 advenerint:
1643 993 1713 1035 do-

339 1074 458 1107 mum
490 1058 607 1100 illam
639 1057 844 1112 ingressos
865 1088 878 1108 ,
909 1063 1061 1096 statuas
1084 1083 1098 1102 ,
1133 1061 1174 1093 et
1205 1051 1497 1109 inscriptiones
1528 1062 1718 1096 everten-

341 1126 433 1169 tes,
468 1115 658 1159 omnium
691 1128 890 1171 aquarum
933 1109 1254 1167 scaturiginibus
1307 1110 1349 1152 in
1399 1111 1561 1152 ruinam
1594 1109 1720 1152 addu-

341 1178 420 1218 ctis
444 1206 456 1225 ‚
489 1177 531 1216 in
563 1172 739 1230 patriam
769 1185 976 1228 regressos
1007 1170 1115 1212 fama
1147 1177 1215 1210 est.
1262 1169 1338 1209 Ast
1372 1168 1442 1211 ubi
1477 1184 1626 1212 navem
1675 1183 1719 1211 a·

342 1232 621 1279 scenderunt,
652 1240 692 1272 et
724 1232 837 1271 mare
870 1238 1054 1287 petentes
1075 1260 1088 1279 ,
1123 1236 1364 1284 tempestate
1414 1241 1536 1271 saeva
1569 1227 1717 1270 oborta

342 1292 540 1351 procellis
573 1288 775 1331 submersi
805 1288 934 1330 fuere.

476 1347 740 1391 Sebastianus
786 1347 976 1389 Bartolus
1025 1344 1240 1388 Thermol.
1299 1344 1491 1400 Aragon.
1547 1352 1648 1386 tom.
1703 1343 1722 1384 I

342 1421 439 1468 pag.
473 1410 527 1460 37
558 1406 666 1447 hane
699 1405 916 1446 historiam
949 1420 970 1445 a
1002 1404 1224 1453 Manena,
1260 1411 1301 1443 et
1333 1400 1530 1444 Morinile
1565 1403 1722 1443 Rerum

343 1466 668 1511 Puteolanarum
698 1461 966 1519 scriptoribus
1000 1469 1226 1504 extractam
1273 1460 1332 1503 sic
1380 1469 1545 1503 narrat:
1597 1460 1725 1510 Refe-

344 1534 445 1570 runt
478 1528 593 1565 enim
625 1521 739 1580 qaod
770 1522 814 1562 in
844 1534 1100 1577 unoquoque
1131 1519 1288 1560 balneo
1316 1532 1496 1571 praeter=
1527 1519 1722 1558 humana

344 1584 586 1626 simulacra
617 1580 802 1636 effectos
839 1579 1039 1633 corporis
1074 1578 1194 1617 locos
1226 1578 1429 1617 manibus
1469 1575 1720 1616 indicantia.

347 1641 535 1684 aderant
563 1653 735 1696 quoqne
766 1651 1040 1678 marmoreae
1073 1635 1242 1677 tabulae
1259 1634 1407 1673 balnei
1435 1634 1639 1675 virtutum
1660 1633 1720 1673 in-

347 1699 606 1756 scriptiones
635 1696 926 1750 continentesf,
964 1707 1148 1751 cumque
1180 1692 1224 1733 in
1263 1691 1558 1732 Puteolanam
1578 1691 1721 1732 sinam

352 1767 480 1801 nocte
512 1754 704 1814 qiiadam
733 1754 1000 1798 Salerni-tani
1032 1751 1210 1810 quidam
1244 1750 1406 1790 medici
1437 1749 1684 1792 actuassent
1700 1780 1715 1800 ‚

340 1816 508 1869 ferreis
543 1815 833 1855 instrumentis
854 1812 1093 1857 simulacra
1124 1823 1200 1849 eos
1232 1817 1438 1859 vastasse,
1460 1821 1726 1849 marmorea-

353 1889 461 1932 sqae
498 1871 822 1926 inscriptionum
854 1871 1027 1911 tabulas·
1047 1868 1243 1925 fregisse
1276 1875 1503 1917 testantur,
1539 1865 1723 1906 addunt-

354 1947 438 1990 que
474 1946 526 1972 eo
554 1938 729 1986 patrato
748 1929 987 1979 facinore,
1019 1927 1214 1968 medicos
1250 1925 1325 1983 qai
1344 1940 1485 1979 parva
1523 1924 1630 1964 navi
1642 1923 1719 1963 Sa-

354 1992 527 2032 lernam
562 1989 888 2029 revertebantur
919 1987 1032 2028 inter
1062 1988 1268 2040 Capreas,
1301 1983 1596 2033 et'fllinervae
1611 1995 1715 2035 pro-

353 2047 610 2089 montorium
630 2047 800 2098 fecisse
840 2046 1152 2101 naufragium,
1201 2056 1256 2083 ac
1295 2045 1452 2082 misere
1482 2040 1665 2094 periisse
1706 2055 1715 2080 :

352 2120 465 2164 qaae
502 2106 650 2147 omnia
677 2103 797 2146 haud
818 2118 883 2144 ex·
913 2105 1088 2144 arbitrio
1123 2101 1339 2155 scripsere
1363 2131 1375 2150 ,
1418 2099 1500 2140 sed
1532 2112 1592 2137 ex
1625 2106 1714 2136 tra-

357 2164 519 2204 ditione
551 2163 730 2218 publica
762 2161 1036 2215 manitafide
1055 2179 1067 2201 .·
1095 2160 1251 2218 quippe
1281 2159 1539 2211 subiungant
1571 2154 1727 2196 Ludis-

357 2222 423 2263 lai
449 2222 581 2278 Regis
612 2221 867 2276 temporibus
899 2234 1189 2261 marmoream
1209 2217 1356 2271 fuisse
1380 2215 1573 2256 Puteolis
1605 2215 1718 2254 taluc-

359 2281 449 2320 lam
482 2289 698 2334 repertam
731 2281 827 2321 loco
849 2309 860 2330 ,
895 2279 966 2318 uhi
995 2278 1218 2318 dicttmule
1263 2280 1344 2318 Tre
1378 2274 1586 2323 Colonne,
1608 2285 1719 2330 qaae

357 2339 628 2399 sequentibus
662 2347 756 2380 crat
794 2337 929 2381 literis
961 2337 1187 2393 insculpta.
