1920 2579
1575 139 1617 168 11

309 253 339 288 L
369 277 378 288 .
408 246 692 286 CALPURNIO
722 272 730 282 .
758 219 788 280 L¹
815 271 824 280 .
858 243 887 279 F
915 270 924 280 .
951 241 1201 280 TEMPLUM
1231 269 1238 278 .
1271 241 1510 279 AUGUSTO
1541 269 1549 278 .

559 299 668 335 CUM
697 325 706 333 .
735 295 1108 355 cumutamus.
1137 294 1169 329 D
1199 318 1208 327 .
1235 294 1270 329 D
1299 320 1308 329 .

245 412 330 453 Sub
365 411 524 469 porticu
559 408 661 450 alius
695 408 796 464 lapis
830 405 1100 455 eruderatuS,
1132 420 1178 446 ex
1209 418 1291 462 quo
1323 406 1371 446 L.
1406 403 1628 446 Cocceium

242 471 384 528 templi
419 469 692 511 architectum
727 468 848 508 fuisse
881 463 1100 521 colligitur.

358 529 563 584 Serapidis
596 528 797 584 templum
829 523 1011 579 adsurgit
1042 522 1154 563 haud
1187 521 1333 578 procul
1364 537 1387 562 a
1418 521 1539 563 litore
1571 521 1619 562 ad
1633 539 1770 578 serapidis
1789 546 1855 568 tem-

245 586 357 630 urbis
391 587 729 645 septentrionem.
753 586 892 643 Ipsum
914 582 1175 624 eruderatum
1194 580 1274 622 fuit
1293 596 1398 621 anuo
1417 578 1710 623 MDCCLJQ-

240 662 287 688 ex
320 657 448 688 terrae
480 645 780 700 aggestionibus
816 653 1008 698 regnante
1057 640 1207 682 Carolo
1256 639 1326 681 ΠΙ.
1374 638 1591 681 Borbonio
1616 672 1628 689 ,

243 704 343 745 dum
379 721 507 762 usque
539 701 592 744 ad
623 704 665 744 id
697 714 860 761 tempus
894 702 1107 758 oppletum
1140 700 1232 740 fuit.
1266 697 1380 740 Nihil
1414 713 1460 739 eo
1512 699 1631 739 nobi-

237 764 315 805 lius
348 764 564 817 excogitari
598 772 730 818 potest
763 760 899 818 quoad
933 757 1293 814 magnificentiam,
1319 768 1357 797 et
1390 757 1628 798 architectu-

239 836 342 864 ram.
376 822 476 863 Eius
509 821 644 866 forma
678 821 843 862 exhibet
865 818 1089 877 perfectum
1114 814 1630 874 parallelogramma.'lnxta

239 879 441 934 quosdam
476 880 560 920 eius
594 879 812 934 longitudo
845 888 904 922 est
956 877 1114 933 palmos
1165 874 1454 930 Neapolitanos
1505 874 1630 916 CCL.

237 935 416 980 latitudo
449 937 535 978 CC.
568 938 791 994 Templum
822 937 903 979 hoc
935 935 1140 976 columnis
1172 945 1414 975 exornatum
1436 948 1632 988 magnum

237 994 358 1036 habet
391 996 543 1035 atrium
564 1026 576 1044 ,
609 996 716 1035 circa
747 994 864 1050 quod
898 1001 994 1036 sunt
1025 992 1239 1049 perplures
1270 1007 1455 1035 camerae
1491 993 1533 1032 in
1566 1007 1630 1034 or-

237 1051 376 1104 dinem
412 1052 664 1109 dispositae:
699 1055 739 1094 in
776 1052 916 1094 medio
947 1052 1125 1105 exsurgit
1156 1064 1223 1092 ara
1272 1050 1479 1091 columnis
1528 1066 1634 1106 quo-

239 1125 320 1167 que
352 1121 494 1154 ornata
520 1143 533 1161 ,
565 1126 745 1167 quarum
779 1121 860 1153 tres
891 1119 1031 1153 extant
1062 1108 1304 1151 adhucdum
1355 1108 1502 1152 ordine
1552 1108 1634 1152 Co-

237 1169 412 1214 rinthio.
447 1173 557 1211 Ante
590 1184 703 1212 aram
739 1170 852 1213 fuere
884 1168 1035 1226 reperti
1067 1168 1237 1226 quidam
1272 1183 1317 1210 ex
1350 1183 1443 1210 aere
1475 1168 1635 1219 annuli,

239 1228 290 1270 ad
325 1245 428 1286 quos
463 1229 653 1270 victimae
686 1228 740 1270 ad
771 1244 882 1272 sacra
914 1227 1101 1271 facienda
1132 1227 1357 1270 destinatae
1403 1226 1637 1268 vincieban-

240 1299 322 1329 tur.
357 1287 545 1344 Adytum
571 1319 582 1339 ‚
615 1289 698 1329 sive
731 1287 850 1330 aedes
881 1299 941 1331 est
972 1288 1014 1328 in
1047 1287 1129 1328 ima
1160 1297 1277 1343 parte
1296 1319 1313 1340 ,
1350 1286 1422 1328 ubi
1453 1287 1636 1328 numinis

222 1346 510 1402 ‘simulacrum
544 1346 653 1388 olimv
677 1346 937 1402 adsurgebat.
970 1347 1127 1389 Totum
1163 1345 1244 1388 hoe
1291 1346 1497 1403 templum
1546 1360 1637 1402 pre-

242 1405 360 1459 tiosis
395 1405 672 1447 marmoribus
705 1408 982 1446 convestitum
1014 1404 1273 1460 adspicitur,
1308 1419 1436 1461 aeque
1466 1419 1512 1444 ac
1566 1418 1638 1460 pa-

241 1463 477 1506 vimentum
514 1462 582 1520 (1)
602 1493 618 1514 ,
655 1464 772 1503 cuius
805 1477 950 1518 magna
976 1477 1068 1519 pars
1090 1472 1212 1503 restat
1233 1461 1275 1502 in
1296 1462 1634 1519 praesentiarum.

340 1652 396 1700 (1)
424 1651 531 1687 Iuvat
560 1648 863 1693 heic-adnotare,
893 1662 999 1698 supra
1026 1649 1137 1686 huius
1164 1650 1287 1699 templi
1311 1651 1564 1700 pavimentum
1587 1652 1638 1687 al-

237 1702 284 1736 bo
309 1714 487 1736 marmore
517 1708 667 1736 stratum
698 1713 794 1736 nunc
823 1702 995 1748 temporis
1024 1714 1154 1750 aquam
1175 1703 1349 1736 scaturire
1369 1715 1409 1737 ex
1427 1710 1540 1750 parte5
1566 1716 1636 1751 qua

238 1761 358 1786 ortum
390 1750 549 1799 respicit.
579 1750 803 1785 Crediderim
833 1750 984 1787 eandem
1013 1765 1141 1800 aquam
1172 1752 1228 1787 vel
1257 1764 1275 1787 e
1305 1753 1419 1787 vicina
1439 1753 1638 1800 Sulphura-

241 1803 290 1836 ria
313 1829 321 1844 ,
363 1800 417 1836 vel
457 1813 499 1835 ex
535 1800 612 1834 aliis
651 1801 780 1835 vicinis
818 1802 905 1835 locis
933 1814 996 1848 per
1024 1801 1278 1836 subterraneos
1306 1813 1446 1838 meatus
1489 1811 1638 1839 scaturi-

239 1854 360 1899 ginem
391 1850 536 1886 habere.
567 1850 712 1885 Adhaec
739 1850 777 1885 in
804 1850 967 1886 eiusdem
996 1850 1093 1886 aedis
1120 1852 1299 1887 vicinitate
1326 1852 1489 1902 adsurgit
1510 1853 1635 1890 hodie-

239 1901 327 1936 duin
360 1900 547 1950 mcpliitica
578 1898 772 1936 c'i'tliulatio.

339 1951 438 1986 Haec
465 1950 553 1987 olim
580 1965 670 2000 aqua
701 1945 925 1991 medicinalis
946 1978 956 1994 ‚
987 1957 1022 1987 et
1050 1951 1243 2001 mephitica
1274 1951 1451 1988 exhalatio
1487 1953 1502 2002 <
1534 1968 1627 2004 qua-

238 2015 316 2038 rum
341 2009 477 2050 partem
496 2003 615 2049 paucis
631 2000 762 2037 abhinc
777 2003 880 2037 annis
895 2000 1161 2038 Illustrissimus
1177 2001 1289 2039 huius
1309 2004 1407 2039 urhis
1428 2004 1626 2053 Episconus

239 2052 392 2087 Carolus
421 2052 533 2086 Maria
564 2052 735 2088 Rosinius
764 2054 799 2088 in
829 2053 1049 2102 quibusdam
1094 2053 1272 2089 cubiculis
1315 2067 1427 2104 nuper
1463 2047 1625 2093 exciditis

238 2115 426 2151 aegrorum
457 2102 731 2138 advenientium
760 2103 951 2139 commodo
980 2104 1059 2139 heic
1087 2104 1233 2153 collegit
1260 2104 1378 2154 )olim
1397 2104 1514 2140 eidem
1536 2117 1625 2143 tem-

238 2153 297 2200 plo
327 2159 401 2187 erat
430 2155 627 2188 neccssaria
649 2181 659 2198 ,
691 2163 729 2188 ut
758 2154 922 2203 plumbei
952 2155 1029 2190 tubi
1058 2156 1093 2190 in
1125 2155 1308 2205 aliquibus
1337 2155 1462 2206 templi
1507 2170 1625 2194 catne-

239 2202 287 2237 ris
313 2203 410 2237 facite
437 2211 749 2247 counnonstran13
782 2218 879 2240 nunc
907 2218 999 2254 aqua
1028 2206 1161 2242 isthaec
1184 2233 1194 2250 ‚
1223 2215 1258 2242 et
1287 2206 1474 2256 mepliitica
1516 2208 1624 2243 exlia·

240 2252 324 2287 latio
354 2253 495 2301 penitus
523 2254 730 2304 deperdita,
757 2263 791 2290 et
826 2267 917 2304 aqua
965 2258 1172 2306 praesertim
1211 2269 1229 2292 e
1270 2264 1383 2293 terrae
1428 2258 1624 2295 visceribus

236 2315 432 2348 emanans,
460 2316 568 2354 super
596 2305 719 2356 templi
750 2305 1001 2356 pavimentum
1029 2315 1205 2358 perpetuo
1235 2307 1397 2358 undique
1425 2316 1544 2345 restat.

1170 2360 1185 2376 ί
