1920 2579
338 199 456 240 bunt.
488 195 678 252 Cumque
712 195 732 253 (
765 203 810 237 ut
841 208 980 237 omnes
1012 200 1167 235 norunt
1198 189 1503 250 >Imperatores
1525 193 1599 249 ipsi
1622 203 1714 251 post

338 258 416 298 fata
448 256 489 295 in
522 253 690 295 deorum
725 269 942 295 numerum
975 251 1086 293 relati
1117 252 1299 304 fuerint,
1352 252 1458 291 hanc
1505 252 1558 292 ob
1592 255 1713 294 ratio·

338 331 431 356 nem
467 311 645 353 Nolanos
675 324 845 354 autumo
878 313 917 351 in
948 312 1048 366 grati
1080 309 1205 350 animi
1237 310 1478 351 memoriam
1500 341 1513 360 ,
1565 302 1615 351 εἴ
1641 311 1712 351 ho-

338 387 482 415 norem
513 373 700 426 Augusto
733 369 934 426 templum
963 369 1125 410 dicasse.
1159 370 1256 410 Duo
1286 383 1384 415 vero
1435 368 1489 408 ibi
1537 369 1713 425 Amphi-

335 433 493 472 theatra
527 430 728 481 extitere;
760 428 800 469 id
832 427 1048 470 confirmat
1076 426 1317 469 Ambrosius
1349 427 1435 468 Leo
1466 426 1533 468 lib.
1568 427 1599 470 I.
1618 442 1649 468 e.
1675 431 1712 470 8.

334 489 559 530 lateritium
597 504 727 529 unum
748 519 760 538 ,
792 487 904 544 quod
936 497 1066 527 servat
1082 484 1216 526 adhuc
1232 485 1460 536 ambitum,
1493 495 1613 541 atque
1646 501 1714 542 pa·

337 549 476 590 rietem
512 548 751 588 exteriorem
781 560 902 602 supra
937 545 1134 597 fornices,
1167 554 1206 584 et
1236 542 1399 586 infimos
1430 559 1560 586 arcus.
1607 546 1714 585 Mar-

336 620 527 648 moreum
558 604 760 657 alterum,
794 606 909 645 cuius
943 603 1094 644 Leonis
1125 617 1223 642 aevo
1258 616 1381 658 pauca
1403 601 1468 644 vix
1485 600 1628 643 rudera
1646 618 1711 643 su-

335 673 539 722 pererant.
576 664 761 704 Primum
793 662 1157 717 Amphitheatrum
1186 659 1412 700 lateritium
1444 675 1589 717 nempe
1622 660 1714 701 exti-

336 724 385 763 tit
405 753 418 772 ,
453 721 523 762 ubi
555 719 734 775 adsurgit
765 719 881 761 aedes
914 720 971 758 D.
1007 723 1132 760 Petro
1165 720 1219 758 ad
1244 727 1404 773 portam
1439 717 1567 757 dicata
1588 749 1599 767 ,
1641 718 1711 773 qui

336 780 450 821 locus
484 777 606 818 hodie
639 777 789 818 dicitur
825 780 1002 818 meram.
1039 776 1225 816 Alterum
1260 791 1306 816 ex
1356 788 1560 816 marmore
1582 808 1596 828 ,
1650 776 1719 818 ubi

336 852 447 878 nunc
479 835 639 877 accolae
669 834 917 887 compellant
951 833 1128 876 Castello
1159 843 1273 876 rotlo.
1311 834 1372 874 De
1405 832 1565 875 duobus
1612 835 1720 875 hisce

335 895 663 952 Amphitheatris
696 894 878 948 loquitur
909 892 1203 934 Remondinius
1235 891 1303 933 lib.
1350 892 1381 934 Ι.
1410 907 1443 931 C.
1486 893 1531 934 15
1581 894 1717 948 aitque

336 968 411 995 suo
443 966 543 993 aevo
575 951 676 991 nihil
708 950 820 991 aliud
853 964 1085 1005 superesse,
1117 964 1241 1004 quam
1275 964 1399 1003 pauca
1422 961 1626 990 marmora
1647 966 1716 1004 per

337 1012 514 1063 urbem,
547 1024 700 1065 perque
732 1023 847 1063 agros
881 1008 1087 1063 dispersa,
1119 1022 1216 1050 cum
1247 1006 1346 1048 olim
1377 1006 1547 1060 accolae,
1567 1018 1605 1048 et
1623 1010 1721 1049 Bar-

336 1069 423 1111 bari
457 1068 675 1123 praecipue
706 1084 749 1108 ea
784 1065 926 1107 rudera
959 1066 1288 1108 comminuerint.

453 1125 696 1167 Introducta
733 1123 1002 1180 postmodum
1036 1123 1262 1165 Christiana
1296 1122 1500 1178 Religione
1522 1154 1532 1174 ‚
1565 1133 1604 1164 et
1645 1123 1717 1164 fal-

339 1186 390 1228 sis
423 1183 695 1239 inanibusque
727 1184 803 1224 diis
843 1183 1017 1234 eversis,
1055 1182 1224 1223 AEterno
1256 1181 1448 1238 Veroque
1479 1183 1568 1222 Deo
1614 1192 1716 1222 tem-

341 1246 406 1301 pla
455 1241 675 1283 condidere
705 1242 843 1292 αἰνᾶς,
901 1239 1171 1298 quiquidem
1222 1240 1405 1295 religiose
1456 1242 1590 1280 Deum
1624 1250 1720 1281 sunt

341 1301 552 1351 venerati,
585 1300 793 1355 sanctique
825 1300 1034 1342 Praesules
1067 1297 1240 1340 eandem
1276 1297 1617 1339 administrarunt
1650 1298 1727 1338 Ec-

342 1361 504 1403 clesiam
531 1390 545 1410 ,
582 1373 686 1415 quos
717 1358 824 1400 inter
855 1368 1109 1400 memoratur
1144 1358 1195 1398 D.
1229 1357 1424 1398 Paulinus
1457 1355 1723 1414 Episcopus,

344 1433 469 1475 quem
503 1418 596 1459 satis
627 1432 830 1474 superque
862 1427 1014 1458 veteres
1045 1415 1388 1457 commendarunt
1421 1426 1638 1466 auctores,
1684 1425 1723 1455 et
1751 1456 1758 1458 ,

352 1478 392 1519 S.
426 1476 538 1518 Felix
572 1473 673 1533 (1),
704 1475 755 1517 de
786 1490 871 1532 quo
900 1476 1039 1531 legesis
1070 1475 1112 1517 in
1145 1485 1324 1519 extrema
1341 1487 1436 1515 orae-
1468 1474 1609 1530 pagina
1630 1472 1727 1514 sub-a

353 1535 499 1577 iectam
531 1534 848 1576 adnotationem.

351 1658 419 1669 1-—

453 1735 513 1783 (1)
540 1734 652 1769 Nemo
682 1742 733 1770 est
759 1734 822 1784 qui
852 1734 986 1771 inficias
1014 1735 1111 1778 ibit,
1149 1747 1259 1784 quam
1303 1734 1454 1770 celebris
1497 1736 1608 1771 fuerit
1645 1737 1731 1772 urbs

356 1784 447 1824 Nola
475 1785 522 1826 ob
549 1783 586 1819 S.
612 1784 742 1820 Felicis
768 1785 969 1834 Presbyteri
997 1784 1224 1834 sepulchrum
1249 1811 1259 1828 ,
1302 1791 1409 1833 atque
1448 1787 1695 1822 sanctuarium
1717 1814 1728 1830 ,

356 1836 399 1871 de
427 1847 500 1883 quo
529 1834 629 1884 plura
656 1834 796 1882 scripsit
823 1833 861 1869 S.
888 1834 1061 1870 Paulinus
1089 1834 1248 1871 eiusdem
1279 1835 1377 1871 urbis
1404 1835 1619 1884 Episcopus.
1649 1837 1727 1872 Hoc

357 1897 472 1920 unum
501 1884 584 1919 satis
613 1882 713 1918 dictu
743 1891 819 1930 est,
858 1884 956 1921 hunc
984 1884 1154 1920 cecinisse
1189 1885 1270 1920 Nat.
1299 1885 1363 1919 III.
1407 1897 1442 1919 v.
1470 1885 1519 1921 86
1553 1892 1588 1920 et
1630 1898 1729 1936 seqq,

357 1947 435 1970 eam
464 1935 588 1970 urbem
621 1933 713 1968 adeo
743 1934 902 1970 nobilem
928 1944 1008 1983 post
1033 1935 1185 1971 Romam
1214 1934 1363 1970 evasisse
1389 1934 1436 1969 ob
1475 1935 1733 1983 Apostolorum.

356 1983 451 2019 Petri
470 2012 480 2028 ,
514 1991 548 2020 et
576 1983 687 2019 Pauli
720 1985 957 2029 memoriam,
986 1994 1027 2020 ut
1054 1984 1266 2020 nulla*»urbs
1297 1989 1371 2032 post
1397 1983 1496 2020 illam
1528 1997 1611 2021 cum
1655 1987 1729 2023 No-

356 2033 437 2069 lana
468 2034 672 2083 comparari
703 2034 872 2084 potuerit.

456 2083 524 2118 Hic
554 2095 634 2119 vero
664 2096 775 2134 prope
802 2083 933 2120 Nolam
960 2082 1030 2121 fuit
1064 2082 1226 2132 sepultus
1269 2082 1305 2118 in
1349 2083 1454 2128 loco,
1498 2084 1561 2134 qui
1604 2084 1735 2122 dicitur

358 2145 457 2168 nunc
485 2132 656 2169 Cimitile.
696 2134 773 2180 Qui
800 2133 949 2184 quidem
977 2132 1075 2169 vicus
1101 2133 1300 2170 celebratus
1337 2139 1389 2169 est
1425 2135 1470 2170 ob
1507 2134 1666 2172 eiusdem
1693 2136 1732 2175 S.³

357 2181 488 2219 Felicis
514 2184 552 2218 in
579 2184 703 2220 Pincz's
740 2184 938 2220 tumulum.
968 2183 1035 2219 Hic
1060 2184 1160 2220 locus
1187 2197 1206 2220 a
1235 2183 1327 2220 Nola
1355 2183 1458 2220 distat
1487 2198 1560 2220 uno
1589 2186 1731 2223 circiter

358 2232 529 2271 milliario
550 2259 560 2276 ‚
586 2242 621 2268 et
648 2233 684 2269 in
714 2234 867 2271 historia
881 2234 995 2271 Medii
1014 2233 1092 2269 AEvi
1120 2234 1386 2271 coemeterium
1399 2234 1612 2286 appellatur,
1633 2236 1732 2286 quod

362 2283 414 2321 ibi
442 2295 569 2333 nempe
596 2282 654 2321 hic
681 2284 840 2323 Sanetus
866 2285 974 2324 fuerit
1000 2284 1177 2339 sepultus.
1206 2284 1467 2326 Remondinius
1503 2285 1597 2324 Hist⁹
1634 2287 1717 2328 Nolq
