1920 2579
1501 152 1552 179 27

182 209 388 256 ruperunt
405 201 558 250 fontes
590 197 752 249 calidi,
783 212 999 254 perquam
1042 196 1240 238 salubres
1275 197 1415 236 oculis
1434 229 1446 247 ‚
1487 178 1553 237 ce)-

181 259 334 306 leb1·ati
362 258 556 298 carmine
587 256 788 297 Laureae
811 255 968 304 Tullii,
986 257 1061 313 qui
1076 256 1167 306 fait
1195 270 1219 294 e
1249 255 1408 293 libertis
1440 257 1549 304 eius,

184 328 229 358 ut
254 317 448 371 protinus
479 324 682 356 noscatur
711 315 841 355 etiam
873 315 1153 354 ministerium
1184 314 1361 353 haustus
1394 329 1453 353 ex
1478 314 1553 353 illa

187 375 353 431 ingenii
381 374 616 414 maiestate.
649 372 824 414 Ponam
855 372 970 414 enim
1001 372 1141 428 zpszcm
1174 385 1351 413 carmen
1377 370 1551 428 dignum

184 434 336 489 ubique
358 463 370 481 ,
407 441 446 471 et
478 445 564 471 non
598 431 655 473 ibi
684 432 784 488 legi.

270 549 469 604 ansstzca
493 579 507 599 ,
545 549 744 589 Romane
774 548 944 590 vindex
977 546 1225 588 clarissima
1257 546 1433 604 linguae
1456 580 1470 598 ,

390 606 514 646 Silva
547 607 647 647 loco
680 607 832 648 melias
863 620 1043 663 surgere
1073 605 1191 645 iussa
1225 606 1355 655 viret3

303 662 447 720 Atque
480 664 745 705 Academiae
777 666 1041 706 celebratam
1074 664 1245 703 nomine
1277 664 1435 703 villam

375 719 508 762 Nunc
543 733 719 776 reparat
749 725 865 764 culta
895 723 972 762 snb
1005 722 1187 761 meliore
1222 721 1273 762 V
1270 730 1372 760 etus.

233 781 351 822 Hinc
385 779 513 819 etiam
549 791 760 835 apparent
793 780 998 836 {ymplzae
1030 794 1116 819 non
1150 789 1250 819 ante
1284 787 1509 832 repertae,

324 838 584 893 Languida,
618 853 730 896 quae
762 840 902 891 infuso
937 838 1100 878 lamina
1133 852 1229 877 rore
1262 837 1422 876 levant.

260 894 481 936 Nimirum
514 897 638 937 locus
669 898 762 951 ipse
793 897 864 937 sai
895 897 1115 937 Ciceronis
1137 894 1301 936 “honori

349 953 451 992 Hoc
482 952 625 1004 dedit,
660 955 744 995 Izac
763 956 917 1005 fontes
949 968 1046 994 cam
1074 953 1284 1006 patefecit
1313 968 1404 1005 ope.

252 1009 302 1052 V
300 1019 313 1050 t
346 1010 553 1066 qnoniam
585 1020 717 1051 totum
749 1013 905 1068 legitur
934 1010 1035 1051 sine
1045 1011 1146 1061 fine
1172 1025 1257 1063 per
1289 1012 1464 1059 orbem,

320 1066 414 1108 Sint
441 1068 593 1122 plures
626 1070 764 1111 oculis
798 1084 910 1127 quae
945 1067 1202 1109 medeantur
1222 1098 1233 1119 ‚
1269 1082 1422 1124 aquae.

190 1187 302 1229 Haec
333 1184 497 1240 insuper
528 1185 735 1232 Ciceronis
767 1185 858 1227 villa
891 1185 1150 1228 celeberrima
1184 1183 1261 1224 fuit
1284 1215 1299 1235 ,
1353 1193 1393 1223 et
1443 1184 1563 1223 maxi-

187 1258 305 1287 mum
341 1243 423 1298 agri
454 1243 664 1286 Puteolani
696 1255 985 1286 ornamentum
1018 1241 1323 1285 aestimabatur.
1357 1241 1458 1282 Heio
1493 1241 1564 1294 igi—

188 1313 259 1344 tur
292 1299 560 1344 rusticabatur
602 1304 791 1345 omnium
841 1305 1022 1359 gentium
1069 1312 1306 1359 patronus,
1362 1298 1563 1341 nobilissi-

189 1376 283 1402 mus
314 1361 524 1401 Romanae
553 1360 808 1417 eloquentiae
837 1376 1012 1418 parens,
1058 1375 1173 1402 mens
1205 1358 1354 1401 Curiae
1385 1357 1563 1398 Tullius.

189 1419 292 1459 Heic
325 1416 439 1457 illum
472 1417 523 1458 de
552 1420 811 1474 Philosophia
844 1419 1108 1460 disserentem
1142 1417 1289 1458 Caesar
1311 1447 1322 1468 ,
1343 1416 1458 1455 illum
1482 1416 1567 1455 Au-

190 1484 359 1530 gustus,
391 1473 514 1517 illum
542 1474 738 1517 Consules
760 1505 772 1528 ,
807 1477 1012 1532 ceterique
1066 1474 1271 1516 Romanae
1320 1471 1565 1529 reipublicae

190 1531 525 1589 praestantissimi
558 1534 680 1585 Viri,
710 1533 882 1575 alterum
926 1533 1051 1582 veluti
1083 1532 1194 1573 Latii
1239 1532 1450 1574 Platonem
1496 1545 1568 1570 au-

193 1589 371 1633 diebant.
405 1591 494 1631 Hoc
526 1591 567 1631 in
599 1591 690 1634 loco
717 1623 730 1641 ,
761 1591 862 1633 eheu
895 1590 1059 1634 crudele
1091 1591 1253 1632 fatum!
1294 1591 1418 1631 Nunc
1452 1589 1568 1629 claa-

196 1649 255 1690 dit
283 1657 453 1689 saturas
485 1663 665 1703 vespere
694 1659 852 1703 pastor·
895 1663 1001 1691 oves
1023 1681 1037 1700 ‚
1087 1652 1126 1694 et
1177 1659 1387 1703 pastorum
1438 1647 1566 1699 iurgia

197 1706 350 1756 refert,
388 1706 459 1762 qui
493 1705 638 1747 divinis
681 1707 776 1748 olim
823 1708 1080 1763 eloquentiae
1127 1705 1295 1747 vocibus
1341 1704 1568 1746 resonabat.

197 1764 347 1804 Adhuc
381 1778 477 1804 vero
512 1774 662 1804 restant
696 1766 812 1816 plura
841 1766 963 1806 huius
995 1763 1171 1806 aedificii
1193 1762 1417 1804 veneranda
1454 1762 1568 1801 vesti-

197 1824 286 1875 gia3
319 1836 494 1876 namque
527 1823 728 1878 compacti
779 1822 921 1863 lateres
972 1824 1080 1863 muri
1129 1832 1285 1876 partem
1327 1820 1567 1871 sustinent3

197 1879 330 1919 adhuc
365 1879 526 1919 tandem
573 1880 685 1920 facile
736 1880 894 1934 agnosci
943 1890 1113 1936 possunt
1160 1878 1417 1933 stylobatae,
1452 1879 1571 1918 inter-

200 1937 431 1989 columnia,
468 1948 505 1978 et
539 1938 759 1980 fornicatae
788 1937 905 1979 molis
939 1948 1158 1979 structura.

314 1997 404 2037 Hoc
437 2011 631 2051 magnum
665 2004 982 2039 monumentum
1017 1997 1210 2036 hactenus
1230 1994 1477 2050 descriptum
1498 1993 1560 2034 Cl.

197 2055 363 2105 lorius,
399 2055 569 2109 Viaggio
618 2054 658 2096 di
690 2054 915 2106 Pozzuoli,
948 2054 1095 2110 Napoli
1135 2058 1243 2096 1822
1293 2068 1385 2109 pag.
1422 2055 1475 2105 87
1523 2064 1560 2093 et

197 2127 308 2167 seqq.
344 2114 479 2154 asserit
517 2113 625 2154 haud
657 2112 776 2154 fuisse
812 2114 1022 2157 Ciceronis
1056 2113 1317 2154 Academiam
1342 2143 1353 2162 ,
1385 2112 1453 2151 sed
1488 2114 1564 2152 Pu-

196 2170 401 2212 teolanum
436 2166 602 2214 Circum
625 2203 640 2223 ,
679 2172 738 2213 vel
770 2170 983 2225 Gymnasii
1014 2182 1170 2228 partem
1195 2203 1208 2221 ,
1242 2172 1302 2212 vel
1334 2169 1523 2210 Stadium
1547 2201 1558 2219 ‚

198 2225 269 2266 ubi
299 2228 386 2270 ludi
419 2229 598 2286 pubblici
629 2230 856 2286 saepissime
886 2229 1067 2281 fiebant3
1106 2230 1231 2286 idque
1262 2229 1392 2285 arguit
1425 2244 1470 2268 ex
1507 2227 1561 2268 fa-·

200 2284 331 2328 hricae
365 2298 566 2331 structura
588 2321 599 2342 ‚
631 2300 669 2331 et
704 2304 749 2330 cx
781 2287 864 2330 aliis
897 2288 1143 2344 ruderibus,
1178 2304 1280 2344 quae
1312 2298 1564 2344 supersunt,
