1920 2579
131 383 198 413 de

138 419 239 443 rachus.

360 92 442 142 240

359 163 483 199 nam,
521 162 648 206 prope
677 161 803 205 quam
831 146 1071 206 adsurgebat
1104 148 1201 192 urbs
1238 150 1465 195 Liternum.
1501 151 1620 193 Hisce
1669 152 1713 196 in

362 209 553 265 cauponis
587 207 731 249 milites
765 208 1161 265 etiamreperiebant
1192 209 1232 251 id
1268 210 1382 267 quod
1415 210 1510 268 ipsis
1551 222 1635 252 erat
1650 227 1715 253 ne-

360 281 501 364 cesis-e:l
537 266 632 306 hinc
660 265 801 308 iisdem
833 267 1084 309 frumentum
1108 299 1121 319 ,
1153 278 1191 309 et
1220 267 1322 323 ligna
1358 269 1588 326 praesertim
1619 285 1716 326 sup-

354 339 420 381 ΡΘ(
437 335 486 365 tta
504 335 652 366 >antur-

239 389 272 406 01
303 381 349 408 ¹³·
484 384 718 425 pertinuere
749 384 868 426 etiam
891 382 942 424 ad
979 385 1158 443 publicas
1192 384 1274 426 vias
1307 385 1362 425 illi
1396 385 1578 426 homines
1599 420 1610 438 ‚
1647 386 1717 442 qui

364 442 551 482 Parochi
605 440 700 481 dicti
744 442 856 483 fuere
903 457 924 482 a
972 458 1069 484 voce
1117 441 1264 491 Hzfsxm
1298 474 1313 494 ,
1346 445 1565 499 praebeo,
1603 447 1719 499 quip-

361 514 411 556 pe
450 500 520 556 qui
552 500 717 554 legatis,
751 501 1048 555 magistratibus
1066 534 1078 553 ,
1105 503 1272 558 aliisque
1303 503 1471 543 summis
1492 501 1583 541 viris
1608 533 1618 551 7
1640 501 1712 558 qui

359 557 413 599 ob
446 557 687 614 reipublicae
737 559 894 614 negotia
941 559 1016 600 iter
1055 560 1345 611 instituebant,
1391 559 1522 614 ligna,
1559 559 1713 613 salem,

360 630 519 672 equos,
559 627 596 657 et
631 615 830 674 quidquid
857 627 941 659 erat
976 619 1239 659 necessarium
1260 648 1271 666 ‚
1309 617 1563 671 suppeditare
1598 617 1714 658 debe-

359 673 488 714 bant:
523 675 560 714 id
596 689 716 716 omne
746 676 872 715 latum
910 676 986 716 fuit
1027 677 1110 730 lege
1150 676 1261 716 Iulia.
1316 674 1544 714 Venusinus
1595 687 1711 731 poeta

359 734 488 787 Sstyr.
530 735 583 774 V.
621 731 691 772 lib.
740 734 770 773 I.
805 735 879 776 iter
910 733 962 773 ad
989 733 1271 774 Brundusium
1317 747 1437 788 super
1478 733 1581 772 viam
1632 736 1711 790 Ab„

359 792 468 847 piam
499 790 729 833 describens
748 822 762 841 ,
803 802 841 832 ut
859 802 950 832 ante
982 790 1157 834 diximus
1182 791 1341 842 ,statim
1371 791 1477 830 acin
1515 806 1600 832 eam
1623 807 1710 847 per-

361 849 468 890 venit
509 849 687 890 villulam
720 849 830 889 hand
873 851 988 904 longe
1020 865 1039 890 a
1069 860 1190 906 ponte
1220 850 1462 904 Campano,
1499 848 1552 889 ibi
1582 850 1712 891 homi-

357 922 449 950 nem
481 909 657 964 reperit,
693 908 762 964 qui
788 909 923 963 ligna,
954 908 1159 965 salemque
1193 907 1403 966 praebuit:

471 1025 690 1066 Proxima
726 1024 951 1079 Campano
976 1029 1099 1080 ponti
1119 1056 1132 1075 ,
1167 1038 1278 1081 quae
1308 1025 1457 1066 villula
1478 1054 1490 1073 ,
1531 1034 1684 1065 lectum

472 1084 702 1135 Praebuit,
727 1094 766 1124 et
799 1084 996 1126 Parochi
1013 1088 1084 1143 qui
1109 1083 1261 1125 debent
1289 1085 1406 1141 ligna
1427 1113 1437 1135 ,
1471 1083 1708 1141 ⁸salemque.

471 1199 712 1253 Maecenas,
768 1199 993 1250 Cocceius,
1038 1198 1215 1254 sociique
1261 1199 1368 1239 iuxta
1421 1198 1706 1239 Romanorum

356 1257 487 1312 leges,
539 1258 681 1310 salem,
715 1269 753 1299 et
789 1259 891 1313 ligna
925 1272 1114 1314 quaerere
1149 1266 1362 1313 poterant,
1383 1271 1477 1298 cum
1500 1255 1551 1298 ob
1586 1257 1712 1296 maxi-

354 1320 411 1357 mi
461 1316 661 1358 momenti
713 1317 868 1371 negotia
905 1318 980 1356 iter
1014 1315 1200 1357 facerent.

120 1402 135 1443 1‘
152 1390 266 1414 situm<
290 1388 349 1413 mn-
474 1373 702 1416 Columnae
739 1389 833 1415 vero
867 1373 1074 1415 milliariae
1106 1371 1361 1427 erigebantur
1388 1386 1498 1413 secus
1532 1371 1611 1412 vias
1645 1386 1711 1426 pu-

131 1434 207 1450 75⁴111k‘

356 1433 476 1474 blicas
497 1465 512 1484 ,
549 1433 603 1471 ita
642 1443 686 1473 ut
714 1431 763 1473 ad
788 1431 981 1489 quodque
1015 1430 1248 1472 milliarium
1262 1429 1352 1471 albo
1386 1444 1587 1471 marmore
1613 1444 1709 1469 una·

350 1506 532 1548 quaeque
562 1489 714 1532 adesset
743 1490 934 1532 columna
966 1490 1038 1533 VI.
1076 1489 1140 1531 vel
1188 1488 1279 1529 VII.
1327 1488 1470 1545 palmis
1500 1486 1711 1531 altitudine

350 1566 471 1608 snpra
520 1548 763 1605 stylobaten.
795 1552 874 1591 Eue
915 1563 1011 1591 vero
1044 1548 1256 1589 columnae
1288 1547 1527 1589 dicebantur
1575 1545 1711 1586 millia·

349 1610 461 1662 riae,
494 1618 564 1649 ant
604 1607 751 1663 lapides
783 1607 955 1649 milliarii
980 1623 992 1656 ς
1019 1606 1113 1647 hinc
1152 1620 1228 1646 vox
1276 1605 1599 1661 frequentissima
1655 1606 1708 1644 V.

350 1668 424 1709 VI.
479 1665 569 1708 VII.
604 1667 657 1706 X.
697 1665 778 1705 XX
815 1676 888 1706 cet.
920 1667 973 1706 ab
1010 1666 1112 1705 urbe
1160 1663 1317 1718 lapide.
1352 1662 1480 1705 Iidem
1516 1662 1706 1703 levamini

350 1736 464 1767 erant
495 1723 750 1775 viatoribus,
788 1723 1021 1780 praesertim
1057 1723 1170 1776 illis,
1218 1723 1288 1778 qui
1337 1720 1510 1777 pedestri
1553 1718 1712 1761 incelle-

347 1785 445 1824 bant
480 1784 652 1834 itinere,
682 1797 766 1838 quo
798 1783 946 1823 scirent
977 1791 1078 1837 quot
1099 1778 1223 1823 millia
1258 1794 1448 1836 passuum
1485 1778 1534 1819 ab
1574 1778 1674 1819 urbe
1697 1809 1709 1830 ,

347 1844 409 1883 vel
446 1842 532 1884 vico
555 1877 567 1896 ‚
616 1857 634 1881 a
672 1855 756 1896 quo
790 1839 960 1896 profecti
1011 1849 1154 1891 erant,
1210 1838 1487 1879 confecissent.
1536 1835 1712 1878 Rutilius

351 1903 444 1944 hine
493 1900 602 1942 canit
645 1898 752 1955 apud
779 1899 967 1955 Lipsium
999 1897 1048 1939 de
1063 1897 1228 1953 Magnit·
1249 1897 1367 1939 Rom.
1400 1895 1471 1938 lib.
1493 1895 1562 1937 ΙΙΙ.
1588 1909 1621 1935 c.
1647 1906 1709 1936 10.

463 1991 708 2034 Intervalla
744 1994 835 2032 viae
854 1991 989 2042 fessis
1014 1998 1238 2045 praestare
1272 1986 1435 2030 videtur
1456 2018 1466 2038 ,

467 2051 550 2107 Qui
591 2059 707 2090 notat
741 2054 970 2104 inscriptus
1007 2048 1145 2089 millia
1182 2047 1315 2088 multa
1348 2046 1475 2101 lapis.

345 2140 621 2196 Quintilianus
673 2128 800 2182 etiam'
843 2140 981 2181 scribit
1030 2139 1150 2180 fuisse
1197 2152 1362 2193 magnae
1398 2134 1556 2177 utilitati
1599 2134 1707 2174 hune

346 2215 462 2240 nsum
495 2199 645 2255 lapides
679 2199 885 2241 milliarios
918 2199 1121 2242 viatorum
1137 2195 1355 2241 commodo
1375 2195 1486 2236 iuxta
1518 2193 1600 2234 vias
1637 2207 1711 2248 pu-

344 2257 466 2300 blicas
499 2258 684 2314 erigendi.
720 2257 907 2301 Milliaria
943 2257 1091 2301 isthaec
1123 2254 1360 2302 constabant
1377 2254 1484 2298 mille
1507 2250 1710 2310 passibusz
