1920 2579
1535 143 1582 170 21

218 188 404 240 Tj’pxriorpss
439 184 700 231 vocabantur.
731 187 864 243 Supra
894 183 1079 228 senatum
1131 184 1446 241 quatuordecim
1494 201 1584 240 gra·

215 250 289 291 dus
320 247 521 308 equitibus
551 245 747 301 assignati.
775 246 883 286 Hinc
911 248 1044 288 sedere
1084 243 1150 302 (1)
1193 249 1233 286 in
1290 247 1588 300 quatuordecim

215 310 410 364 pertinuit
439 305 491 346 ad
523 315 749 360 equestrem
781 303 981 346 ordinem.
1045 303 1205 358 Reliqui
1231 303 1386 358 gradus
1430 305 1584 359 populo

215 368 444 417 slabantur3
480 363 587 405 unde
615 366 824 420 popularia
857 362 1095 403 dicebantur
1115 392 1126 413 ‚
1157 363 1229 417 qui
1283 361 1418 418 plures
1452 373 1581 411 erant,

214 427 322 481 iique
353 423 498 480 gradus
527 423 567 462 in
602 421 756 474 imam,
788 420 992 473 mediam,
1029 435 1318 476 summamque
1350 419 1584 461 tribueban-

214 494 279 526 tur
312 496 487 525 caveam.
520 482 608 521 Ima
644 495 759 521 cavea
794 489 879 520 erat
911 479 1096 521 omnium
1119 478 1412 521 honestissima.

331 546 373 582 ln
406 538 706 595 amphitheatro
738 551 834 580 vero
866 538 978 579 fuere
1011 547 1088 578 tres
1128 537 1442 593 praecinctiones
1458 569 1473 589 ,
1509 554 1582 579 seu

214 599 368 653 baltei,
403 612 549 653 nempe
581 596 729 651 gradus
773 596 934 638 lati0res
983 596 1037 636 ita
1083 595 1313 648 interiecti,
1347 606 1392 635 ut
1425 597 1584 652 primus

215 659 360 711 gradus
391 657 638 700 orchestram
674 654 723 695 ab
754 654 959 712 equitibus
980 685 991 706 ‚
1026 655 1124 696 alter
1156 670 1177 695 a
1200 654 1488 711 popularibus,
1510 665 1592 696 ter-

219 718 297 756 tius
333 715 561 755 universam
594 713 793 754 divideret
826 728 1008 754 caveam.
1041 714 1136 755 Hae
1156 728 1250 754 vero
1267 714 1590 769 praecinctiones

214 788 296 813 non
333 783 446 813 erant
477 770 529 811 ad
564 770 786 811 sedendum
822 771 977 820 factae,
1013 771 1082 811 sed
1113 771 1318 825 graduum
1352 771 1582 824 ingressu33

216 831 254 870 in
289 833 349 872 his
379 829 546 870 aderant
582 829 794 870 Vomitoria
812 859 823 880 ‚
858 827 920 869 vel
938 826 1071 869 aditus
1090 859 1101 879 ‚
1125 827 1267 869 ostiola
1288 842 1434 883 nempe
1455 844 1581 888 qnae,-

213 889 307 929 dam
333 902 433 937 ,rex
464 885 612 942 quibus
643 887 694 926 ab
725 886 898 926 externis
931 885 1161 940 porticibus
1192 885 1370 941 quisque
1387 885 1440 926 acl
1490 902 1583 928 suas

213 944 472 1001 perveniebat
508 942 633 982 sedes.
1445 972 1452 978 .

327 1003 373 1043 In
407 1000 562 1042 cunctis
609 998 892 1040 subselliorum
929 998 1141 1042 ordinibus
1184 999 1327 1042 aderat
1381 999 1588 1055 graduum

214 1053 478 1116 augustorum
514 1058 632 1098 series
686 1058 737 1099 ad
773 1056 1075 1100 ascendendum
1125 1074 1146 1099 a
1197 1059 1500 1115 praecinctione
1535 1060 1587 1101 ad

209 1116 346 1161 locum
387 1117 700 1173 occupandum,
741 1131 844 1172 qnae
878 1117 1006 1158 dictae
1040 1117 1153 1159 fuere
1194 1119 1321 1169 Viae5
1360 1134 1429 1160 seu
1468 1119 1586 1160 itine-

213 1193 283 1228 ra,
320 1176 382 1220 vel
420 1176 594 1217 scalaria.
640 1175 797 1216 Vltima
830 1175 1119 1233 amphitheatri
1152 1191 1242 1232 pars
1286 1177 1486 1221 Cathreda
1507 1177 1587 1218 fnit

213 1236 438 1292 appellata,
472 1249 575 1291 quae
612 1233 778 1290 quidem
805 1245 888 1275 erat
910 1234 1094 1291 porticus
1112 1249 1235 1290 opere
1255 1247 1438 1288 arcuato,
1463 1250 1586 1293 quae-

214 1310 293 1350 que
324 1304 451 1338 totam
486 1292 772 1348 amphitheatri
814 1307 1047 1348 supremam
1097 1295 1322 1351 occupabat
1354 1294 1589 1336 extremita-

211 1361 306 1392 tem.
327 1352 425 1394 Heic
446 1351 646 1392 foeminae
684 1367 705 1392 a
733 1352 829 1393 viris
846 1351 997 1394 divisae
1032 1352 1074 1393 in
1094 1353 1182 1394 suis
1200 1353 1394 1396 sedebant
1409 1352 1586 1395 sedibus.

211 1411 371 1466 Lipsius
407 1410 455 1450 de
490 1410 642 1466 Amph.
681 1425 714 1450 c.
757 1413 805 1453 13
842 1410 930 1452 heic
971 1410 1091 1462 etiam
1131 1410 1269 1452 sedere
1306 1413 1481 1468 pullatos
1512 1412 1589 1453 ho-

216 1470 342 1510 mines
383 1467 544 1518 credit,
581 1468 704 1524 idque
745 1468 891 1525 probat
923 1484 970 1511 ex
1007 1469 1210 1511 Suetonio
1228 1470 1267 1510 in
1289 1470 1431 1511 Octav.
1452 1485 1485 1511 c.
1518 1478 1587 1522 44.

331 1529 435 1567 Sunt
469 1531 538 1582 qui
580 1526 795 1577 scribunt,
826 1528 930 1569 hanc
966 1527 1211 1569 immensam
1245 1528 1589 1570 aedificiimolem

217 1585 463 1627 continuisse
500 1583 551 1624 ad
583 1585 801 1640 nonaginta
846 1601 976 1642 prope
1015 1585 1139 1627 millia
1165 1587 1381 1627 hominum
1409 1618 1420 1636 ,
1456 1598 1503 1629 ut
1522 1587 1589 1628 de-

217 1644 339 1684 clarat
373 1642 576 1684 Carlettus
604 1645 764 1693 ,Storia
797 1643 901 1685 della
946 1645 1127 1698 Regione
1161 1645 1348 1701 Brugiata
1376 1654 1470 1689 nota
1516 1649 1588 1688 31.

210 1701 317 1741 Hinc
353 1699 403 1740 ad
438 1711 592 1741 tantam
633 1702 853 1743 hominum
888 1701 1158 1759 frequentiam
1191 1704 1522 1759 amplexandam,
1549 1714 1589 1746 et

214 1756 262 1796 ad
289 1757 867 1815 publicamatranquillitatem
904 1762 1034 1802 variae
1073 1763 1175 1815 leges
1214 1762 1318 1815 latae
1359 1763 1586 1817 fuere‚quo

216 1825 349 1856 rectus
379 1812 606 1855 servaretur
642 1817 780 1867 ordo,
837 1828 875 1857 et
930 1820 1166 1873 praesertim
1200 1834 1283 1876 quo
1324 1818 1582 1861 senatoribus

214 1871 348 1914 honor
386 1873 646 1923 tribueretur.

217 2011 381 2020 -——.-
992 1995 1002 2005 0

382 2013 1584 2031 Ἢ

315 2107 374 2157 (1)
400 2108 469 2144 Hic
496 2121 578 2145 vero
607 2122 692 2146 usus
719 2110 764 2147 ad
792 2111 991 2149 sedendum
1021 2114 1178 2151 invaluit
1200 2144 1211 2161 ‚
1254 2128 1296 2155 ut
1322 2121 1543 2162 senatoribus

211 2157 365 2206 virisque
392 2158 567 2208 dignitate
603 2161 862 2209 praestantibus
908 2162 1077 2212 pulvinus
1123 2166 1279 2208 daretur.
1328 2170 1369 2206 Id
1411 2185 1429 2207 e
1458 2168 1585 2211 Tullio

210 2218 432 2257 compertum
473 2208 645 2246 habemus
679 2212 781 2261 epist.
821 2212 866 2248 ad
892 2214 1042 2251 ‘Toeban
1082 2216 1150 2253 lib.
1193 2218 1278 2257 VH.
1323 2221 1467 2271 Reliqui
1497 2218 1584 2264 vero

207 2257 372 2300 ordines,
401 2260 586 2308 populares
614 2274 744 2311 nempe
772 2262 872 2298 nudo
900 2264 1106 2302 insidebant
1133 2267 1251 2316 lapid'e
1270 2297 1280 2314 ‚
1298 2279 1338 2307 ut
1355 2273 1448 2321 apud
1488 2273 1582 2311 Gar·

212 2309 263 2344 ios
291 2309 328 2344 in
357 2309 513 2347 Theano
530 2323 604 2349 mos
617 2311 712 2349 idem
732 2312 905 2351 obtinuit.
930 2315 1047 2352 Adisis
1066 2316 1315 2369 Bulengerum
1328 2320 1372 2358 de
1411 2322 1583 2363 Theano,
