1920 2579
368 158 453 204 214

483 206 569 247 Ubi
604 220 716 246 nunc
750 204 932 257 adsurgit
962 207 1002 247 S.
1034 206 1243 248 Laurentii
1293 205 1409 247 aedes
1457 216 1565 247 extra
1615 207 1742 247 Aver-

363 282 447 308 sam
481 265 575 306 Vll.
609 263 746 304 aderat
780 263 1012 304 milliarium
1049 264 1276 319 Campanae
1309 265 1427 314 viae,
1464 281 1484 303 a
1518 278 1603 319 quo
1649 265 1742 305 loco

366 326 417 366 ad
451 326 638 378 Capuam
672 337 802 377 usque
837 322 926 361 VH.
962 322 1016 364 M.
1047 325 1090 363 Ρ.
1123 334 1371 377 supererant.
1407 321 1472 362 Ad
1520 323 1623 362 hanc
1658 338 1743 363 rem

366 381 619 440 probandam
651 379 835 434 :huiusce
867 381 1067 422 Ecclesiae
1099 391 1206 422 extat
1249 381 1502 437 privilegium
1525 412 1536 430 ‚
1591 381 1629 420 in
1663 395 1745 436 quo

368 443 422 482 sic
455 440 625 494 legitur:
660 436 863 479 Ecclesia
899 440 941 479 S.
976 439 1199 481 Laurentii
1236 440 1296 481 ad
1334 440 1585 495 Septimum.
1620 438 1747 479 Haud

366 499 484 554 longe
517 496 566 537 ab
601 496 686 552 ipsa
718 500 870 538 Aversa
901 512 973 554 pei·
1025 497 1194 539 eandem
1246 499 1347 538 viam
1371 529 1385 548 ,
1435 512 1515 554 qua
1566 497 1750 552 Capuam

366 555 547 597 eundum
580 566 653 606 est,
687 568 789 610 pons
819 555 941 611 supra
975 556 1164 597 Clanium
1199 555 1333 596 adhuc
1369 568 1442 602 est,
1475 571 1595 610 quem
1633 556 1748 596 Pon-

368 626 451 657 tem
483 630 510 656 a
542 614 669 653 §ilice
700 612 904 668 appellant
935 616 1118 664 accolae,
1152 629 1245 655 cuni
1281 630 1352 669 per
1385 631 1473 655 eam
1512 625 1666 669 partem
1683 616 1747 653 via

366 683 548 730 pergeret
581 674 789 726 Campana
810 703 821 724 ,
855 687 958 727 quae
989 672 1165 713 silicibus
1195 683 1317 714 strata
1368 685 1450 713 erat
1475 672 1608 713 instar
1659 675 1746 728 Ap-

367 732 484 788 piae,
537 745 621 786 quo
653 729 731 770 loci
769 744 878 771 nunc
910 730 1030 770 etiam
1063 741 1284 786 supersunt
1318 732 1485 788 lapides,

488 787 701 830 Probabile
731 799 816 840 est,
847 788 896 828 D·
930 788 1103 830 Paulum
1137 804 1208 844 per
1240 789 1343 830 hanc
1376 791 1480 830 viam
1500 819 1511 839 ,
1567 785 1626 827 vel
1671 787 1747 829 sal-

369 859 451 889 tem
486 863 555 904 per
586 846 869 888 Domitianam
901 846 976 888 iter
1008 847 1251 899 instituisse,
1284 864 1378 889 cum
1412 864 1433 889 e
1463 845 1609 889 Iudaea
1659 847 1745 888 Ro-

370 921 481 948 mam
515 904 688 946 advenit.
724 904 760 945 Is
800 922 821 946 e
853 906 943 945 navi
989 904 1193 958 egrediens
1240 908 1428 949 Puteolos
1472 907 1622 955 venit,
1675 904 1746 945 ubi

372 975 524 1020 septem
557 963 708 1005 mansit
741 962 823 1004 dies
853 979 873 1002 a
908 963 1098 1005 fratribus
1129 963 1299 1021 benigne
1330 975 1530 1021 exceptus.
1554 966 1628 1005 Per
1644 963 1750 1003 hanc

377 1022 471 1065 inde
503 1024 674 1064 Romam
710 1021 786 1062 fuit
820 1022 1038 1076 profectus.
1088 1023 1133 1063 In
1179 1024 1348 1065 Actibus
1388 1022 1679 1080 Apostolorum
1711 1035 1746 1060 c.

374 1085 425 1123 28
462 1098 498 1125 v.
542 1085 590 1122 13
625 1080 723 1120 Fori
772 1082 926 1136 Appii,
979 1092 1018 1122 et
1049 1081 1194 1123 Trium
1242 1083 1521 1125 Tabernarum
1573 1080 1751 1121 occurrit

377 1141 542 1181 mentio„
577 1138 736 1179 Tullius
783 1154 898 1196 saepe
946 1139 1104 1180 easdem
1147 1154 1346 1183 memorat
1393 1140 1533 1182 Attico
1576 1137 1753 1180 scribens

373 1197 444 1243 lib.
484 1211 546 1239 ii,
583 1199 696 1251 epist.
735 1209 818 1247 10,
851 1207 890 1236 et
922 1196 992 1237 lib.
1030 1212 1067 1240 1.
1101 1213 1164 1254 ep.
1204 1211 1270 1241 12.

488 1258 723 1311 Antequam
754 1254 808 1296 ad
838 1255 1104 1297 Puteolanam
1137 1256 1343 1298 veniamus
1373 1258 1478 1300 viam
1497 1287 1511 1306 ‚
1541 1253 1750 1309 sepulchra

372 1315 580 1366 breviter,
616 1328 718 1369 quae
750 1315 860 1354 iuxta
893 1314 1063 1355 eandem
1112 1324 1226 1356 erant
1271 1316 1377 1355 viam
1400 1346 1412 1367 ‚
1460 1313 1750 1356 describemus.

373 1373 547 1418 Romani
580 1383 768 1414 mortuos
799 1382 906 1413 extra
939 1372 1085 1413 urbem
1115 1372 1359 1429 sepeliebant
1382 1404 1395 1423 ‚
1439 1373 1522 1428 lege
1552 1388 1573 1413 a
1623 1369 1752 1412 Grae-

376 1433 430 1474 cis
459 1441 634 1487 accepta,
668 1431 777 1472 Hinc
810 1431 851 1471 iu
881 1431 974 1474 XII.
1009 1431 1262 1472 Tabularum
1296 1432 1531 1487 fragmentis
1571 1429 1752 1472 occurrit

372 1490 482 1549 apud
512 1489 756 1531 Ciceronem
790 1490 853 1530 De
884 1489 1039 1545 legibus
1070 1490 1145 1536 lib.
1178 1490 1233 1531 II.
1264 1505 1298 1532 c.
1333 1492 1416 1534 23:

378 1607 658 1651 HOMINEM
691 1639 700 1649 .
737 1605 1034 1649 MORTUUM
1065 1638 1075 1648 .
1106 1607 1280 1649 INTRA
1308 1639 1317 1649 .
1366 1607 1568 1650 URBEM
1601 1637 1610 1646 .
1665 1604 1757 1647 NE-

553 1667 635 1709 VE
672 1695 683 1709 .
715 1665 1028 1708 SEPELLITO
1062 1697 1071 1706 .
1105 1666 1266 1709 NEVE
1299 1698 1310 1709 .
1341 1667 1519 1709 URlTO
1552 1696 1561 1706 .

499 1783 584 1824 Lex
615 1783 766 1823 isthaec
798 1783 907 1838 apud
941 1783 1150 1824 Romanos
1197 1783 1300 1825 adeo
1349 1794 1434 1825 erat
1482 1793 1667 1834 vetusta,
1714 1793 1758 1823 ut

378 1842 502 1901 paulo
531 1851 623 1898 post
657 1842 766 1882 urbis
799 1841 958 1882 exordia
991 1842 1112 1882 fuerit
1146 1853 1320 1898 peracta.
1351 1843 1412 1883 Re
1444 1856 1537 1883 sane
1558 1855 1650 1881 vera
1668 1840 1759 1881 Nu-

382 1916 449 1943 ma
480 1898 703 1957 Pompilius
748 1901 856 1941 iuxta
889 1900 1008 1942 Plinii
1039 1902 1321 1943 auctoritatem
1353 1901 1457 1944 Hist.
1490 1903 1637 1943 Natur.
1689 1900 1759 1942 lib.

382 1960 500 2002 XIII·
532 1975 566 2001 e.
606 1962 652 2000 13
687 1960 727 2000 in
758 1970 898 2001 monte
929 1957 1111 2000 Ianiculo
1161 1959 1237 2001 fuit
1289 1960 1546 2009 tumulatus,
1595 1958 1663 2013 qui
1713 1973 1760 1998 eo

384 2030 567 2076 tempore
598 2029 682 2058 erat
713 2030 822 2059 extra
883 2017 1154 2075 pomoerium.
1189 2019 1275 2060 Lex
1322 2017 1461 2060 eadem
1513 2016 1565 2057 ab
1613 2014 1758 2057 iisdem

384 2077 635 2119 sanctissime
669 2077 746 2118 fuit
775 2087 930 2118 servata
964 2087 1055 2116 toto
1088 2087 1273 2133 tempore
1295 2111 1309 2131 ,
1355 2093 1438 2133 quo
1473 2076 1759 2117 Romanorum

384 2136 511 2190 viguit
543 2136 768 2191 Imperium
789 2167 805 2187 ,
841 2151 968 2193 eaque
998 2134 1049 2174 ad
1085 2135 1274 2178 ultimum
1306 2136 1431 2192 ipsius
1462 2134 1618 2190 lapsum
1667 2134 1763 2174 exti-

383 2196 450 2236 tit.
480 2196 536 2236 At
568 2197 752 2250 quamvis
815 2195 954 2236 eadem
991 2203 1097 2234 recte
1128 2205 1281 2236 servata
1303 2226 1316 2245 ,
1370 2206 1506 2235 tamen
1557 2190 1759 2234 Hadriani

387 2253 639 2310 imperatoris
674 2269 769 2295 aevo
803 2254 1015 2310 paululum
1048 2263 1132 2294 erat
1165 2264 1331 2296 mutata.
1364 2253 1472 2294 Hinc
1518 2251 1601 2307 ipse
1647 2251 1734 2292 illos
1754 2281 1766 2301 ‚

388 2313 459 2368 qui
492 2313 596 2362 intra
629 2312 774 2354 urbem
807 2324 990 2356 mortuos
1024 2312 1282 2366 humabant‚
1325 2311 1493 2370 pecunia
1546 2309 1763 2353 multavit:
