<?xml version="1.0" encoding="UTF-8"?>
<!DOCTYPE html PUBLIC "-//W3C//DTD XHTML 1.0 Transitional//EN"
    "http://www.w3.org/TR/xhtml1/DTD/xhtml1-transitional.dtd">
<html xmlns="http://www.w3.org/1999/xhtml" xml:lang="en" lang="en">
 <head>
  <title>
</title>
<meta http-equiv="Content-Type" content="text/html;charset=utf-8" />
  <meta name='ocr-system' content='tesseract 3.04.00' />
  <meta name='ocr-capabilities' content='ocr_page ocr_carea ocr_par ocr_line ocrx_word'/>
</head>
<body>
  <div class='ocr_page' id='page_1' title='image "./universiaecampan01laur/universiaecampan01laur_0463.png"; bbox 0 0 1920 2579; ppageno 0'>
   <div class='ocr_carea' id='block_1_1' title="bbox 591 77 1542 171">
    <p class='ocr_par' dir='ltr' id='par_1_1' title="bbox 591 77 1542 171">
     <span class='ocr_line' id='line_1_1' title="bbox 591 77 1542 171; baseline -0.005 0"><span class='ocrx_word' id='word_1_1' title='bbox 591 134 1000 171; x_wconf 78' lang='grc' dir='ltr'>ΔΙΑΤΡΙΒΗ</span> <span class='ocrx_word' id='word_1_2' title='bbox 1065 134 1113 168; x_wconf 87' lang='lat' dir='ltr'>V.</span> <span class='ocrx_word' id='word_1_3' title='bbox 1469 77 1542 114; x_wconf 44' lang='grc' dir='ltr'>ιω</span> 
     </span>
    </p>
   </div>
   <div class='ocr_carea' id='block_1_2' title="bbox 210 339 1485 459">
    <p class='ocr_par' dir='ltr' id='par_1_2' title="bbox 210 339 1485 459">
     <span class='ocr_line' id='line_1_2' title="bbox 210 339 1485 384; baseline -0.005 -9"><span class='ocrx_word' id='word_1_4' title='bbox 210 343 430 384; x_wconf 81' lang='lat' dir='ltr'><strong>QUANTUM</strong></span> <span class='ocrx_word' id='word_1_5' title='bbox 450 342 600 373; x_wconf 72' lang='lat' dir='ltr'><strong>JTALIA</strong></span> <span class='ocrx_word' id='word_1_6' title='bbox 618 365 626 373; x_wconf 84' lang='grc'><strong>.</strong></span> <span class='ocrx_word' id='word_1_7' title='bbox 652 342 708 372; x_wconf 88' lang='grc' dir='ltr'>ΕΤ</span> <span class='ocrx_word' id='word_1_8' title='bbox 735 341 986 371; x_wconf 76' lang='lat' dir='ltr'>PRAECIPUE</span> <span class='ocrx_word' id='word_1_9' title='bbox 1011 341 1241 373; x_wconf 71' lang='lat' dir='ltr'><strong>CAMPANIA</strong></span> <span class='ocrx_word' id='word_1_10' title='bbox 1264 339 1485 378; x_wconf 71' lang='lat' dir='ltr'><strong>QUONDAM</strong></span> 
     </span>
     <span class='ocr_line' id='line_1_3' title="bbox 253 383 1449 420; baseline -0.004 -4"><span class='ocrx_word' id='word_1_11' title='bbox 253 384 472 417; x_wconf 83' lang='lat' dir='ltr'><strong>INGENUAS</strong></span> <span class='ocrx_word' id='word_1_12' title='bbox 498 383 720 413; x_wconf 82' lang='lat' dir='ltr'><strong>DIDICERIT</strong></span> <span class='ocrx_word' id='word_1_13' title='bbox 745 383 888 413; x_wconf 77' lang='lat' dir='ltr'>ARTES</span> <span class='ocrx_word' id='word_1_14' title='bbox 909 406 916 418; x_wconf 79' lang='grc'><em>,</em></span> <span class='ocrx_word' id='word_1_15' title='bbox 943 384 998 413; x_wconf 79' lang='grc' dir='ltr'>ΕΤ</span> <span class='ocrx_word' id='word_1_16' title='bbox 1027 385 1187 414; x_wconf 83' lang='lat' dir='ltr'><strong>STUDIA</strong></span> <span class='ocrx_word' id='word_1_17' title='bbox 1207 383 1449 420; x_wconf 77' lang='lat' dir='ltr'><strong>:QUAENAM</strong></span> 
     </span>
     <span class='ocr_line' id='line_1_4' title="bbox 281 424 1435 459; baseline -0.006 -1"><span class='ocrx_word' id='word_1_18' title='bbox 281 426 422 458; x_wconf 85' lang='lat' dir='ltr'>URBES</span> <span class='ocrx_word' id='word_1_19' title='bbox 445 425 629 458; x_wconf 83' lang='lat' dir='ltr'><strong>TANDEM</strong></span> <span class='ocrx_word' id='word_1_20' title='bbox 652 426 694 456; x_wconf 85' lang='lat' dir='ltr'>IN</span> <span class='ocrx_word' id='word_1_21' title='bbox 719 427 786 456; x_wconf 78' lang='lat' dir='ltr'>nis</span> <span class='ocrx_word' id='word_1_22' title='bbox 811 425 1150 459; x_wconf 71' lang='lat' dir='ltr'>PRECLARIORES</span> <span class='ocrx_word' id='word_1_23' title='bbox 1176 424 1435 456; x_wconf 66' lang='lat' dir='ltr'>EVAsERmT.</span> 
     </span>
    </p>
   </div>
   <div class='ocr_carea' id='block_1_3' title="bbox 165 597 1550 1703">
    <p class='ocr_par' dir='ltr' id='par_1_3' title="bbox 165 597 1547 1059">
     <span class='ocr_line' id='line_1_5' title="bbox 171 597 1535 707; baseline -0.004 -14"><span class='ocrx_word' id='word_1_24' title='bbox 171 597 332 697; x_wconf 83' lang='lat' dir='ltr'>Heio</span> <span class='ocrx_word' id='word_1_25' title='bbox 352 652 464 707; x_wconf 80' lang='lat' dir='ltr'>plura</span> <span class='ocrx_word' id='word_1_26' title='bbox 483 652 643 694; x_wconf 86' lang='lat' dir='ltr'>lectoris</span> <span class='ocrx_word' id='word_1_27' title='bbox 656 651 705 693; x_wconf 91' lang='lat' dir='ltr'>ob</span> <span class='ocrx_word' id='word_1_28' title='bbox 719 653 855 694; x_wconf 90' lang='lat' dir='ltr'>oculos</span> <span class='ocrx_word' id='word_1_29' title='bbox 869 650 1230 694; x_wconf 79' lang='lat' dir='ltr'>animadvertenda</span> <span class='ocrx_word' id='word_1_30' title='bbox 1243 663 1535 706; x_wconf 71' lang='lat' dir='ltr'>proponemus.-</span> 
     </span>
     <span class='ocr_line' id='line_1_6' title="bbox 165 708 1542 768; baseline -0.005 -16"><span class='ocrx_word' id='word_1_31' title='bbox 165 712 348 768; x_wconf 86' lang='lat' dir='ltr'>primum</span> <span class='ocrx_word' id='word_1_32' title='bbox 377 721 576 767; x_wconf 87' lang='lat' dir='ltr'>quantum</span> <span class='ocrx_word' id='word_1_33' title='bbox 601 712 713 752; x_wconf 84' lang='lat' dir='ltr'>ltalia</span> <span class='ocrx_word' id='word_1_34' title='bbox 744 712 967 767; x_wconf 80' lang='lat' dir='ltr'>quondam,</span> <span class='ocrx_word' id='word_1_35' title='bbox 989 722 1025 751; x_wconf 85' lang='lat' dir='ltr'>ct</span> <span class='ocrx_word' id='word_1_36' title='bbox 1059 711 1272 765; x_wconf 76' lang='lat' dir='ltr'>praecipue</span> <span class='ocrx_word' id='word_1_37' title='bbox 1295 708 1542 762; x_wconf 73' lang='lat' dir='ltr'>Campaniae</span> 
     </span>
     <span class='ocr_line' id='line_1_7' title="bbox 169 764 1546 826; baseline -0.005 -16"><span class='ocrx_word' id='word_1_38' title='bbox 169 769 288 810; x_wconf 87' lang='lat' dir='ltr'>urbes</span> <span class='ocrx_word' id='word_1_39' title='bbox 326 771 517 824; x_wconf 84' lang='lat' dir='ltr'>ingenuas</span> <span class='ocrx_word' id='word_1_40' title='bbox 530 770 726 810; x_wconf 83' lang='lat' dir='ltr'>coluerint</span> <span class='ocrx_word' id='word_1_41' title='bbox 743 781 859 822; x_wconf 87' lang='lat' dir='ltr'>artes,</span> <span class='ocrx_word' id='word_1_42' title='bbox 877 769 1222 826; x_wconf 84' lang='lat' dir='ltr'>atqueliterarum</span> <span class='ocrx_word' id='word_1_43' title='bbox 1241 768 1386 817; x_wconf 70' lang='lat' dir='ltr'>studia3</span> <span class='ocrx_word' id='word_1_44' title='bbox 1400 764 1546 805; x_wconf 85' lang='lat' dir='ltr'>deinde</span> 
     </span>
     <span class='ocr_line' id='line_1_8' title="bbox 170 823 1543 884; baseline -0.004 -16"><span class='ocrx_word' id='word_1_45' title='bbox 170 843 371 884; x_wconf 82' lang='lat' dir='ltr'>quaenam</span> <span class='ocrx_word' id='word_1_46' title='bbox 402 843 466 881; x_wconf 16' lang='lat' dir='ltr'>lex</span> <span class='ocrx_word' id='word_1_47' title='bbox 500 827 574 869; x_wconf 91' lang='lat' dir='ltr'>illis</span> <span class='ocrx_word' id='word_1_48' title='bbox 606 828 841 869; x_wconf 77' lang='lat' dir='ltr'>celebriores</span> <span class='ocrx_word' id='word_1_49' title='bbox 873 829 1088 868; x_wconf 80' lang='lat' dir='ltr'>evaserint:</span> <span class='ocrx_word' id='word_1_50' title='bbox 1123 826 1217 867; x_wconf 85' lang='lat' dir='ltr'>inde</span> <span class='ocrx_word' id='word_1_51' title='bbox 1249 839 1448 882; x_wconf 80' lang='lat' dir='ltr'>quaenam</span> <span class='ocrx_word' id='word_1_52' title='bbox 1484 823 1543 862; x_wconf 89' lang='lat' dir='ltr'>in-</span> 
     </span>
     <span class='ocr_line' id='line_1_9' title="bbox 172 886 1547 943; baseline -0.004 -16"><span class='ocrx_word' id='word_1_53' title='bbox 172 887 452 940; x_wconf 67' lang='lat' dir='ltr'>cremenenfi,</span> <span class='ocrx_word' id='word_1_54' title='bbox 487 887 653 928; x_wconf 88' lang='lat' dir='ltr'>tandem</span> <span class='ocrx_word' id='word_1_55' title='bbox 685 902 883 943; x_wconf 82' lang='lat' dir='ltr'>quaenam</span> <span class='ocrx_word' id='word_1_56' title='bbox 917 886 1163 926; x_wconf 85' lang='lat' dir='ltr'>decrementi</span> <span class='ocrx_word' id='word_1_57' title='bbox 1196 899 1335 924; x_wconf 80' lang='lat' dir='ltr'>causae</span> <span class='ocrx_word' id='word_1_58' title='bbox 1358 915 1370 933; x_wconf 93' lang='lat'><strong>‚</strong></span> <span class='ocrx_word' id='word_1_59' title='bbox 1411 892 1454 922; x_wconf 88' lang='lat' dir='ltr'>ut</span> <span class='ocrx_word' id='word_1_60' title='bbox 1487 896 1547 921; x_wconf 86' lang='lat' dir='ltr'>ar-</span> 
     </span>
     <span class='ocr_line' id='line_1_10' title="bbox 174 939 1545 1001; baseline -0.004 -17"><span class='ocrx_word' id='word_1_61' title='bbox 174 954 235 985; x_wconf 85' lang='lat' dir='ltr'>tes</span> <span class='ocrx_word' id='word_1_62' title='bbox 272 945 456 986; x_wconf 83' lang='lat' dir='ltr'>liberales</span> <span class='ocrx_word' id='word_1_63' title='bbox 477 976 492 996; x_wconf 84' lang='lat'><em>,</em></span> <span class='ocrx_word' id='word_1_64' title='bbox 548 956 588 986; x_wconf 88' lang='lat' dir='ltr'>et</span> <span class='ocrx_word' id='word_1_65' title='bbox 617 946 853 1001; x_wconf 86' lang='lat' dir='ltr'>praesertim</span> <span class='ocrx_word' id='word_1_66' title='bbox 885 945 1021 985; x_wconf 86' lang='lat' dir='ltr'>literae</span> <span class='ocrx_word' id='word_1_67' title='bbox 1050 944 1103 985; x_wconf 83' lang='lat' dir='ltr'>ad</span> <span class='ocrx_word' id='word_1_68' title='bbox 1140 943 1364 984; x_wconf 80' lang='lat' dir='ltr'>barbariem</span> <span class='ocrx_word' id='word_1_69' title='bbox 1399 939 1545 981; x_wconf 82' lang='lat' dir='ltr'>Medio</span> 
     </span>
     <span class='ocr_line' id='line_1_11' title="bbox 175 1003 745 1059; baseline 0.004 -15"><span class='ocrx_word' id='word_1_70' title='bbox 175 1003 282 1045; x_wconf 87' lang='lat' dir='ltr'>AEvo</span> <span class='ocrx_word' id='word_1_71' title='bbox 316 1018 443 1059; x_wconf 88' lang='lat' dir='ltr'>usque</span> <span class='ocrx_word' id='word_1_72' title='bbox 476 1005 745 1059; x_wconf 82' lang='lat' dir='ltr'>pervenerint.</span> 
     </span>
    </p>

    <p class='ocr_par' dir='ltr' id='par_1_4' title="bbox 169 1058 1550 1703">
     <span class='ocr_line' id='line_1_12' title="bbox 294 1058 1540 1118; baseline -0.004 -17"><span class='ocrx_word' id='word_1_73' title='bbox 294 1061 517 1117; x_wconf 86' lang='lat' dir='ltr'>Postquam</span> <span class='ocrx_word' id='word_1_74' title='bbox 549 1062 733 1104; x_wconf 87' lang='lat' dir='ltr'>Romana</span> <span class='ocrx_word' id='word_1_75' title='bbox 767 1061 1012 1118; x_wconf 83' lang='lat' dir='ltr'>Respublica</span> <span class='ocrx_word' id='word_1_76' title='bbox 1044 1059 1094 1101; x_wconf 88' lang='lat' dir='ltr'>ad</span> <span class='ocrx_word' id='word_1_77' title='bbox 1131 1059 1348 1100; x_wconf 78' lang='lat' dir='ltr'>maiestatis</span> <span class='ocrx_word' id='word_1_78' title='bbox 1379 1058 1540 1098; x_wconf 85' lang='lat' dir='ltr'>culmen</span> 
     </span>
     <span class='ocr_line' id='line_1_13' title="bbox 169 1116 1550 1175; baseline -0.004 -16"><span class='ocrx_word' id='word_1_79' title='bbox 169 1119 397 1175; x_wconf 88' lang='lat' dir='ltr'>pervenit,</span> <span class='ocrx_word' id='word_1_80' title='bbox 432 1122 590 1162; x_wconf 90' lang='lat' dir='ltr'>cunetis</span> <span class='ocrx_word' id='word_1_81' title='bbox 623 1119 829 1171; x_wconf 80' lang='lat' dir='ltr'>subactis,</span> <span class='ocrx_word' id='word_1_82' title='bbox 877 1130 916 1160; x_wconf 88' lang='lat' dir='ltr'>et</span> <span class='ocrx_word' id='word_1_83' title='bbox 944 1119 1049 1159; x_wconf 90' lang='lat' dir='ltr'>bello</span> <span class='ocrx_word' id='word_1_84' title='bbox 1085 1117 1250 1158; x_wconf 88' lang='lat' dir='ltr'>domitis</span> <span class='ocrx_word' id='word_1_85' title='bbox 1287 1116 1477 1172; x_wconf 79' lang='lat' dir='ltr'>populis,</span> <span class='ocrx_word' id='word_1_86' title='bbox 1511 1126 1550 1155; x_wconf 86' lang='lat' dir='ltr'>et</span> 
     </span>
     <span class='ocr_line' id='line_1_14' title="bbox 169 1175 1546 1234; baseline -0.002 -17"><span class='ocrx_word' id='word_1_87' title='bbox 169 1191 272 1233; x_wconf 87' lang='lat' dir='ltr'>pace</span> <span class='ocrx_word' id='word_1_88' title='bbox 304 1177 384 1217; x_wconf 87' lang='lat' dir='ltr'>iam</span> <span class='ocrx_word' id='word_1_89' title='bbox 418 1189 533 1234; x_wconf 87' lang='lat' dir='ltr'>parta</span> <span class='ocrx_word' id='word_1_90' title='bbox 564 1189 668 1220; x_wconf 84' lang='lat' dir='ltr'>terra</span> <span class='ocrx_word' id='word_1_91' title='bbox 691 1209 705 1230; x_wconf 94' lang='lat'><em>,</em></span> <span class='ocrx_word' id='word_1_92' title='bbox 730 1181 946 1234; x_wconf 88' lang='lat' dir='ltr'>marique,</span> <span class='ocrx_word' id='word_1_93' title='bbox 981 1177 1110 1219; x_wconf 85' lang='lat' dir='ltr'>Roma</span> <span class='ocrx_word' id='word_1_94' title='bbox 1143 1191 1188 1216; x_wconf 89' lang='lat' dir='ltr'>ex</span> <span class='ocrx_word' id='word_1_95' title='bbox 1220 1175 1421 1230; x_wconf 75' lang='lat' dir='ltr'>Capitolio</span> <span class='ocrx_word' id='word_1_96' title='bbox 1453 1189 1546 1229; x_wconf 68' lang='lat' dir='ltr'>gen-</span> 
     </span>
     <span class='ocr_line' id='line_1_15' title="bbox 172 1234 1540 1294; baseline -0.003 -19"><span class='ocrx_word' id='word_1_97' title='bbox 172 1234 283 1276; x_wconf 80' lang='lat' dir='ltr'>tibus</span> <span class='ocrx_word' id='word_1_98' title='bbox 311 1235 416 1290; x_wconf 87' lang='lat' dir='ltr'>leges</span> <span class='ocrx_word' id='word_1_99' title='bbox 438 1268 449 1289; x_wconf 90' lang='lat'>,</span> <span class='ocrx_word' id='word_1_100' title='bbox 483 1248 605 1294; x_wconf 86' lang='lat' dir='ltr'>atque</span> <span class='ocrx_word' id='word_1_101' title='bbox 637 1236 727 1279; x_wconf 84' lang='lat' dir='ltr'>iura</span> <span class='ocrx_word' id='word_1_102' title='bbox 759 1236 941 1288; x_wconf 85' lang='lat' dir='ltr'>ferebat,</span> <span class='ocrx_word' id='word_1_103' title='bbox 978 1234 1201 1292; x_wconf 83' lang='lat' dir='ltr'>populique</span> <span class='ocrx_word' id='word_1_104' title='bbox 1247 1234 1459 1275; x_wconf 83' lang='lat' dir='ltr'>turmatim</span> <span class='ocrx_word' id='word_1_105' title='bbox 1494 1247 1540 1272; x_wconf 78' lang='lat' dir='ltr'>ex</span> 
     </span>
     <span class='ocr_line' id='line_1_16' title="bbox 172 1291 1541 1350; baseline -0.002 -17"><span class='ocrx_word' id='word_1_106' title='bbox 172 1292 403 1348; x_wconf 83' lang='lat' dir='ltr'>longinquis</span> <span class='ocrx_word' id='word_1_107' title='bbox 433 1295 698 1336; x_wconf 84' lang='lat' dir='ltr'>accurrebant</span> <span class='ocrx_word' id='word_1_108' title='bbox 732 1294 880 1335; x_wconf 89' lang='lat' dir='ltr'>mundi</span> <span class='ocrx_word' id='word_1_109' title='bbox 913 1293 1145 1350; x_wconf 73' lang='lat' dir='ltr'>regionibus</span> <span class='ocrx_word' id='word_1_110' title='bbox 1166 1327 1180 1347; x_wconf 84' lang='lat'>,</span> <span class='ocrx_word' id='word_1_111' title='bbox 1229 1308 1313 1348; x_wconf 87' lang='lat' dir='ltr'>quo</span> <span class='ocrx_word' id='word_1_112' title='bbox 1363 1291 1439 1334; x_wconf 88' lang='lat' dir='ltr'>sub</span> <span class='ocrx_word' id='word_1_113' title='bbox 1472 1306 1541 1345; x_wconf 84' lang='lat' dir='ltr'>po-</span> 
     </span>
     <span class='ocr_line' id='line_1_17' title="bbox 172 1351 1541 1408; baseline -0.001 -18"><span class='ocrx_word' id='word_1_114' title='bbox 172 1352 387 1392; x_wconf 85' lang='lat' dir='ltr'>tentissimi</span> <span class='ocrx_word' id='word_1_115' title='bbox 419 1354 624 1408; x_wconf 83' lang='lat' dir='ltr'>regiminis</span> <span class='ocrx_word' id='word_1_116' title='bbox 673 1356 905 1404; x_wconf 83' lang='lat' dir='ltr'>tutamine,</span> <span class='ocrx_word' id='word_1_117' title='bbox 937 1364 1061 1408; x_wconf 85' lang='lat' dir='ltr'>atque</span> <span class='ocrx_word' id='word_1_118' title='bbox 1101 1366 1181 1408; x_wconf 88' lang='lat' dir='ltr'>ope</span> <span class='ocrx_word' id='word_1_119' title='bbox 1219 1351 1424 1392; x_wconf 80' lang='lat' dir='ltr'>adforent.</span> <span class='ocrx_word' id='word_1_120' title='bbox 1480 1351 1541 1390; x_wconf 78' lang='lat' dir='ltr'>Ex</span> 
     </span>
     <span class='ocr_line' id='line_1_18' title="bbox 173 1408 1539 1467; baseline -0.001 -19"><span class='ocrx_word' id='word_1_121' title='bbox 173 1408 236 1449; x_wconf 84' lang='lat' dir='ltr'>his</span> <span class='ocrx_word' id='word_1_122' title='bbox 267 1423 361 1450; x_wconf 85' lang='lat' dir='ltr'>vero</span> <span class='ocrx_word' id='word_1_123' title='bbox 393 1412 465 1467; x_wconf 91' lang='lat' dir='ltr'>qui</span> <span class='ocrx_word' id='word_1_124' title='bbox 499 1427 522 1452; x_wconf 89' lang='lat' dir='ltr'>a</span> <span class='ocrx_word' id='word_1_125' title='bbox 550 1411 746 1453; x_wconf 88' lang='lat' dir='ltr'>Romanis</span> <span class='ocrx_word' id='word_1_126' title='bbox 779 1413 909 1467; x_wconf 83' lang='lat' dir='ltr'>pacati</span> <span class='ocrx_word' id='word_1_127' title='bbox 942 1411 1055 1451; x_wconf 82' lang='lat' dir='ltr'>fuere</span> <span class='ocrx_word' id='word_1_128' title='bbox 1076 1441 1088 1462; x_wconf 84' lang='lat'>,</span> <span class='ocrx_word' id='word_1_129' title='bbox 1118 1408 1287 1466; x_wconf 85' lang='lat' dir='ltr'>quidam</span> <span class='ocrx_word' id='word_1_130' title='bbox 1340 1408 1539 1449; x_wconf 85' lang='lat' dir='ltr'>adnume-</span> 
     </span>
     <span class='ocr_line' id='line_1_19' title="bbox 173 1466 1542 1525; baseline -0.003 -17"><span class='ocrx_word' id='word_1_131' title='bbox 173 1477 317 1508; x_wconf 87' lang='lat' dir='ltr'>rantur</span> <span class='ocrx_word' id='word_1_132' title='bbox 347 1470 659 1525; x_wconf 85' lang='lat' dir='ltr'>sapientissimi,</span> <span class='ocrx_word' id='word_1_133' title='bbox 705 1481 751 1511; x_wconf 90' lang='lat' dir='ltr'>ut</span> <span class='ocrx_word' id='word_1_134' title='bbox 783 1468 993 1525; x_wconf 83' lang='lat' dir='ltr'>AEgyptii‚</span> <span class='ocrx_word' id='word_1_135' title='bbox 1026 1480 1065 1510; x_wconf 89' lang='lat' dir='ltr'>et</span> <span class='ocrx_word' id='word_1_136' title='bbox 1093 1467 1239 1510; x_wconf 89' lang='lat' dir='ltr'>Graeci</span> <span class='ocrx_word' id='word_1_137' title='bbox 1271 1466 1505 1525; x_wconf 85' lang='lat' dir='ltr'>praesertim</span> <span class='ocrx_word' id='word_1_138' title='bbox 1529 1496 1542 1513; x_wconf 92' lang='lat'><strong>,</strong></span> 
     </span>
     <span class='ocr_line' id='line_1_20' title="bbox 179 1523 1543 1586; baseline 0 -22"><span class='ocrx_word' id='word_1_139' title='bbox 179 1526 250 1581; x_wconf 91' lang='lat' dir='ltr'>qui</span> <span class='ocrx_word' id='word_1_140' title='bbox 283 1536 388 1568; x_wconf 86' lang='lat' dir='ltr'>artes</span> <span class='ocrx_word' id='word_1_141' title='bbox 419 1529 685 1586; x_wconf 86' lang='lat' dir='ltr'>scientiasque</span> <span class='ocrx_word' id='word_1_142' title='bbox 716 1528 758 1568; x_wconf 89' lang='lat' dir='ltr'>in</span> <span class='ocrx_word' id='word_1_143' title='bbox 790 1529 1015 1570; x_wconf 85' lang='lat' dir='ltr'>Romanam</span> <span class='ocrx_word' id='word_1_144' title='bbox 1050 1526 1192 1568; x_wconf 88' lang='lat' dir='ltr'>urbem</span> <span class='ocrx_word' id='word_1_145' title='bbox 1212 1557 1224 1577; x_wconf 89' lang='lat'>‚</span> <span class='ocrx_word' id='word_1_146' title='bbox 1272 1537 1394 1580; x_wconf 82' lang='lat' dir='ltr'>atque</span> <span class='ocrx_word' id='word_1_147' title='bbox 1438 1523 1543 1566; x_wconf 82' lang='lat' dir='ltr'>Lati·</span> 
     </span>
     <span class='ocr_line' id='line_1_21' title="bbox 175 1583 1542 1634; baseline 0 -11"><span class='ocrx_word' id='word_1_148' title='bbox 175 1598 248 1623; x_wconf 89' lang='lat' dir='ltr'>um</span> <span class='ocrx_word' id='word_1_149' title='bbox 272 1614 285 1634; x_wconf 90' lang='lat'>,</span> <span class='ocrx_word' id='word_1_150' title='bbox 320 1599 368 1625; x_wconf 80' lang='lat' dir='ltr'>ac</span> <span class='ocrx_word' id='word_1_151' title='bbox 398 1585 571 1627; x_wconf 84' lang='lat' dir='ltr'>subinde</span> <span class='ocrx_word' id='word_1_152' title='bbox 609 1587 649 1627; x_wconf 90' lang='lat' dir='ltr'>in</span> <span class='ocrx_word' id='word_1_153' title='bbox 690 1587 764 1627; x_wconf 88' lang='lat' dir='ltr'>alia</span> <span class='ocrx_word' id='word_1_154' title='bbox 796 1585 885 1627; x_wconf 84' lang='lat' dir='ltr'>loca</span> <span class='ocrx_word' id='word_1_155' title='bbox 915 1585 1100 1627; x_wconf 86' lang='lat' dir='ltr'>intulere.</span> <span class='ocrx_word' id='word_1_156' title='bbox 1150 1585 1259 1625; x_wconf 87' lang='lat' dir='ltr'>Hinc</span> <span class='ocrx_word' id='word_1_157' title='bbox 1304 1583 1542 1625; x_wconf 84' lang='lat' dir='ltr'>Venusinus</span> 
     </span>
     <span class='ocr_line' id='line_1_22' title="bbox 173 1643 1216 1703; baseline 0.002 -21"><span class='ocrx_word' id='word_1_158' title='bbox 173 1651 292 1698; x_wconf 85' lang='lat' dir='ltr'>poeta</span> <span class='ocrx_word' id='word_1_159' title='bbox 324 1643 427 1686; x_wconf 88' lang='lat' dir='ltr'>belle</span> <span class='ocrx_word' id='word_1_160' title='bbox 460 1645 605 1687; x_wconf 86' lang='lat' dir='ltr'>cecinit</span> <span class='ocrx_word' id='word_1_161' title='bbox 633 1645 764 1703; x_wconf 88' lang='lat' dir='ltr'>Epist.</span> <span class='ocrx_word' id='word_1_162' title='bbox 796 1644 869 1690; x_wconf 89' lang='lat' dir='ltr'>lib.</span> <span class='ocrx_word' id='word_1_163' title='bbox 901 1644 953 1688; x_wconf 87' lang='grc' dir='ltr'>Π.</span> <span class='ocrx_word' id='word_1_164' title='bbox 989 1657 1027 1687; x_wconf 87' lang='lat'>2.</span> <span class='ocrx_word' id='word_1_165' title='bbox 1061 1659 1099 1687; x_wconf 89' lang='lat' dir='ltr'>v.</span> <span class='ocrx_word' id='word_1_166' title='bbox 1138 1643 1216 1685; x_wconf 84' lang='lat'>156</span> 
     </span>
    </p>
   </div>
   <div class='ocr_carea' id='block_1_4' title="bbox 291 1761 1470 1879">
    <p class='ocr_par' dir='ltr' id='par_1_5' title="bbox 291 1761 1470 1879">
     <span class='ocr_line' id='line_1_23' title="bbox 297 1761 1470 1818; baseline -0.002 -16"><span class='ocrx_word' id='word_1_167' title='bbox 297 1761 489 1804; x_wconf 81' lang='lat' dir='ltr'>Graecia</span> <span class='ocrx_word' id='word_1_168' title='bbox 528 1774 668 1818; x_wconf 28' lang='lat' dir='ltr'>capiar</span> <span class='ocrx_word' id='word_1_169' title='bbox 684 1764 838 1815; x_wconf 80' lang='lat' dir='ltr'>ferum</span> <span class='ocrx_word' id='word_1_170' title='bbox 878 1763 1078 1806; x_wconf 78' lang='lat' dir='ltr'>victorem</span> <span class='ocrx_word' id='word_1_171' title='bbox 1114 1761 1227 1817; x_wconf 77' lang='lat' dir='ltr'>cepit</span> <span class='ocrx_word' id='word_1_172' title='bbox 1241 1793 1257 1814; x_wconf 95' lang='lat'><em>,</em></span> <span class='ocrx_word' id='word_1_173' title='bbox 1295 1770 1337 1802; x_wconf 81' lang='lat' dir='ltr'>et</span> <span class='ocrx_word' id='word_1_174' title='bbox 1356 1770 1470 1802; x_wconf 80' lang='lat' dir='ltr'>artes</span> 
     </span>
     <span class='ocr_line' id='line_1_24' title="bbox 291 1820 806 1879; baseline 0.002 -18"><span class='ocrx_word' id='word_1_175' title='bbox 291 1820 446 1862; x_wconf 75' lang='lat' dir='ltr'>Intulit</span> <span class='ocrx_word' id='word_1_176' title='bbox 472 1823 638 1879; x_wconf 76' lang='lat' dir='ltr'>agresti</span> <span class='ocrx_word' id='word_1_177' title='bbox 665 1821 806 1863; x_wconf 82' lang='lat' dir='ltr'>Latio.</span> 
     </span>
    </p>
   </div>
   <div class='ocr_carea' id='block_1_5' title="bbox 135 1936 1544 2174">
    <p class='ocr_par' dir='ltr' id='par_1_6' title="bbox 135 1936 1544 2174">
     <span class='ocr_line' id='line_1_25' title="bbox 174 1936 1544 1994; baseline -0.002 -15"><span class='ocrx_word' id='word_1_178' title='bbox 174 1938 237 1979; x_wconf 84' lang='lat' dir='ltr'>Ea</span> <span class='ocrx_word' id='word_1_179' title='bbox 270 1953 366 1981; x_wconf 84' lang='lat' dir='ltr'>vero</span> <span class='ocrx_word' id='word_1_180' title='bbox 395 1954 490 1994; x_wconf 86' lang='lat' dir='ltr'>gens</span> <span class='ocrx_word' id='word_1_181' title='bbox 520 1940 600 1981; x_wconf 89' lang='lat' dir='ltr'>iam</span> <span class='ocrx_word' id='word_1_182' title='bbox 634 1939 674 1981; x_wconf 89' lang='lat' dir='ltr'>in</span> <span class='ocrx_word' id='word_1_183' title='bbox 712 1939 825 1981; x_wconf 87' lang='lat' dir='ltr'>Italia</span> <span class='ocrx_word' id='word_1_184' title='bbox 873 1937 1009 1981; x_wconf 89' lang='lat' dir='ltr'>sedem</span> <span class='ocrx_word' id='word_1_185' title='bbox 1040 1937 1306 1979; x_wconf 82' lang='lat' dir='ltr'>conlocarat:</span> <span class='ocrx_word' id='word_1_186' title='bbox 1350 1936 1544 1992; x_wconf 86' lang='lat' dir='ltr'>temporis</span> 
     </span>
     <span class='ocr_line' id='line_1_26' title="bbox 173 1996 1540 2053; baseline -0.002 -15"><span class='ocrx_word' id='word_1_187' title='bbox 173 2011 385 2053; x_wconf 79' lang='lat' dir='ltr'>progressu</span> <span class='ocrx_word' id='word_1_188' title='bbox 418 1998 594 2041; x_wconf 81' lang='lat' dir='ltr'>Romani</span> <span class='ocrx_word' id='word_1_189' title='bbox 625 1999 735 2040; x_wconf 87' lang='lat' dir='ltr'>illam</span> <span class='ocrx_word' id='word_1_190' title='bbox 779 1997 1027 2053; x_wconf 85' lang='lat' dir='ltr'>subegerunt</span> <span class='ocrx_word' id='word_1_191' title='bbox 1081 1996 1302 2037; x_wconf 83' lang='lat' dir='ltr'>Graiorum</span> <span class='ocrx_word' id='word_1_192' title='bbox 1351 2005 1506 2051; x_wconf 88' lang='lat' dir='ltr'>partem</span> <span class='ocrx_word' id='word_1_193' title='bbox 1528 2025 1540 2044; x_wconf 91' lang='lat'><strong>,</strong></span> 
     </span>
     <span class='ocr_line' id='line_1_27' title="bbox 174 2053 1541 2114; baseline -0.002 -17"><span class='ocrx_word' id='word_1_194' title='bbox 174 2070 281 2112; x_wconf 88' lang='lat' dir='ltr'>quae</span> <span class='ocrx_word' id='word_1_195' title='bbox 309 2067 445 2112; x_wconf 85' lang='lat' dir='ltr'>postea</span> <span class='ocrx_word' id='word_1_196' title='bbox 476 2060 620 2114; x_wconf 86' lang='lat' dir='ltr'>Magna</span> <span class='ocrx_word' id='word_1_197' title='bbox 652 2056 825 2099; x_wconf 86' lang='lat' dir='ltr'>Graecia</span> <span class='ocrx_word' id='word_1_198' title='bbox 857 2057 936 2098; x_wconf 82' lang='lat' dir='ltr'>fuit</span> <span class='ocrx_word' id='word_1_199' title='bbox 964 2054 1162 2113; x_wconf 85' lang='lat' dir='ltr'>appellata</span> <span class='ocrx_word' id='word_1_200' title='bbox 1185 2086 1198 2105; x_wconf 85' lang='lat'>,</span> <span class='ocrx_word' id='word_1_201' title='bbox 1238 2069 1341 2111; x_wconf 86' lang='lat' dir='ltr'>quae</span> <span class='ocrx_word' id='word_1_202' title='bbox 1372 2053 1541 2110; x_wconf 86' lang='lat' dir='ltr'>quidem</span> 
     </span>
     <span class='ocr_line' id='line_1_28' title="bbox 135 2113 1543 2174; baseline -0.001 -20"><span class='ocrx_word' id='word_1_203' title='bbox 135 2142 143 2146; x_wconf 52' lang='lat'>&gt;</span> <span class='ocrx_word' id='word_1_204' title='bbox 172 2113 215 2154; x_wconf 86' lang='lat' dir='ltr'>iu</span> <span class='ocrx_word' id='word_1_205' title='bbox 247 2114 380 2156; x_wconf 86' lang='lat' dir='ltr'>Italiae</span> <span class='ocrx_word' id='word_1_206' title='bbox 413 2116 641 2159; x_wconf 88' lang='lat' dir='ltr'>meditullio</span> <span class='ocrx_word' id='word_1_207' title='bbox 677 2129 699 2157; x_wconf 86' lang='lat' dir='ltr'>a</span> <span class='ocrx_word' id='word_1_208' title='bbox 739 2117 944 2174; x_wconf 84' lang='lat' dir='ltr'>primaeva</span> <span class='ocrx_word' id='word_1_209' title='bbox 980 2124 1215 2172; x_wconf 78' lang='lat' dir='ltr'>tempestate</span> <span class='ocrx_word' id='word_1_210' title='bbox 1256 2113 1391 2155; x_wconf 90' lang='lat' dir='ltr'>sedem</span> <span class='ocrx_word' id='word_1_211' title='bbox 1446 2126 1543 2153; x_wconf 90' lang='lat' dir='ltr'>con-</span> 
     </span>
    </p>
   </div>
   <div class='ocr_carea' id='block_1_6' title="bbox 181 2170 1540 2278">
    <p class='ocr_par' dir='ltr' id='par_1_7' title="bbox 181 2170 1540 2278">
     <span class='ocr_line' id='line_1_29' title="bbox 181 2170 1540 2277; baseline -0.001 -63"><span class='ocrx_word' id='word_1_212' title='bbox 181 2173 498 2277; x_wconf 46' lang='lat' dir='ltr'>stitueratilubi</span> <span class='ocrx_word' id='word_1_213' title='bbox 530 2176 742 2234; x_wconf 83' lang='lat' dir='ltr'>plerasque</span> <span class='ocrx_word' id='word_1_214' title='bbox 773 2177 893 2218; x_wconf 85' lang='lat' dir='ltr'>etiam</span> <span class='ocrx_word' id='word_1_215' title='bbox 928 2173 1125 2227; x_wconf 83' lang='lat' dir='ltr'>celebres,</span> <span class='ocrx_word' id='word_1_216' title='bbox 1161 2171 1400 2229; x_wconf 86' lang='lat' dir='ltr'>nobilesque</span> <span class='ocrx_word' id='word_1_217' title='bbox 1421 2170 1540 2213; x_wconf 72' lang='lat' dir='ltr'>urbes</span> 
     </span>
     <span class='ocr_line' id='line_1_30' title="bbox 295 2238 1023 2278; baseline -0.004 -1"><span class='ocrx_word' id='word_1_218' title='bbox 295 2238 339 2278; x_wconf 90' lang='lat' dir='ltr'>T.</span> <span class='ocrx_word' id='word_1_219' title='bbox 432 2265 440 2276; x_wconf 91' lang='lat'>.</span> <span class='ocrx_word' id='word_1_220' title='bbox 973 2247 1023 2275; x_wconf 91' lang='lat'>21</span> 
     </span>
    </p>
   </div>
  </div>
 </body>
</html>
