1920 2579
1432 167 1479 207 18

142 242 212 269 nas
246 225 366 268 etiam
400 224 605 281 occuparit
639 223 769 266 urbes.
808 226 915 267 Hinc
948 221 1180 266 dominium
1211 218 1420 273 extendit,
1446 181 1510 264 ur7-

144 288 214 327 bes
253 284 512 325 validissimas
547 283 757 334 munivit,
794 300 878 340 quo
910 283 1057 324 Carolo
1076 292 1149 322 iret
1165 280 1339 323 obviam.
1363 283 1418 322 At
1436 281 1516 322 Ca-

148 343 259 385 rolus
292 346 375 398 ipse
406 342 646 382 dominandi
680 342 802 396 magis
834 342 1039 398 cupidus,
1089 340 1239 381 bellurn
1273 340 1421 381 Areclii
1464 342 1522 382 in-

146 402 273 453 tulit3
313 403 441 441 victus
473 399 539 441 hic
571 415 709 455 pacem
742 400 792 441 ab
826 404 931 456 Rege
981 377 1149 455 su'pplex
1184 398 1295 454 petiit
1337 413 1378 438 ea
1431 414 1524 440 con·

146 460 312 510 ditione,
333 469 377 499 ut
410 457 512 498 filios
544 457 716 511 obsides,
733 471 770 500 et
790 460 969 513 ingentes
988 459 1141 513 argenti
1166 458 1281 497 daret
1298 456 1522 523 thesaur05‚

147 519 501 559 etBeneventanus
514 517 695 558 Ducatus
713 518 789 559 sub
810 518 1060 558 Fiancorum
1083 517 1190 558 foret
1212 516 1524 571 protectionem.

264 577 397 617 XLV.
435 575 618 617 Multum
670 587 762 630 post
794 586 953 632 tempus
1002 577 1175 615 moritur
1220 572 1394 615 Carolus
1443 577 1529 616 Ma-

150 648 288 691 gnus,
319 635 436 675 cuius
466 644 572 687 gesta
604 635 695 675 satis
726 646 906 687 norunt,
949 634 1019 691 qui
1053 633 1158 673 illins
1178 631 1263 672 aevi
1295 632 1435 686 legunt
1467 632 1526 672 hi

150 694 333 734 storiam.
365 692 559 733 Eiusdem
595 708 703 734 mors
736 693 882 734 accidit
915 707 1022 734 anno
1057 689 1322 732 DCCCXlV.
1357 704 1528 731 culsne

156 752 274 792 εε55ὶῑ
306 751 388 791 eius
419 748 526 791 filius
557 751 797 793 Ludovicus
836 762 1109 807 cognomento
1145 752 1241 790 Pius
1283 748 1527 804 Ιηηετεῑοτ.

150 808 417 850 Grimoatdus
448 809 517 865 qui
551 820 640 851 tum
674 824 801 866 usque
831 825 927 850 cum
960 809 1105 866 Pipino
1139 808 1276 850 Italiae
1308 807 1413 862 Rege
1444 806 1524 847 bel-

153 868 240 908 lum
263 879 459 923 gesserat,
491 883 586 909 cum
622 868 837 910 Ludovico
861 884 1014 924 pacem
1032 868 1276 923 componit,
1310 882 1389 922 qua
1424 866 1524 907 inita

152 925 418 967 Grimoaldus
450 927 728 982 Neapolitanis
768 926 918 968 bellum
970 926 1124 975 infert,
1177 926 1247 982 qui
1284 924 1526 967 Dauferium

154 995 391 1040 exceperant
423 984 720 1027 Salernitanum
754 986 896 1027 civem.
918 986 1027 1026 Hinc
1059 983 1192 1025 statim
1217 986 1525 1027 Beneventanus

154 1044 342 1097 princeps
371 1057 463 1084 cum
500 1046 671 1085 exercitu
706 1045 920 1100 Neapolim
954 1043 1331 1099 adpropinquant:
1364 1041 1526 1098 Neapo-

159 1101 270 1142 litani
303 1101 359 1141 illi
392 1101 555 1142 obviam
601 1102 740 1142 fiunt·
787 1104 983 1158 praelium
1036 1100 1289 1141 horrendum
1343 1100 1536 1156 utrinqne

157 1171 327 1201 ortum:
361 1171 400 1199 at
433 1176 477 1200 ex
512 1160 652 1201 iisdem
687 1160 736 1201 ad
770 1161 953 1216 quinque
986 1174 1038 1200 m:
1030 1158 1106 1199 llia
1150 1173 1198 1198 eo
1242 1159 1306 1199 die
1338 1157 1531 1199 cecidere.

160 1217 429 1260 Grimoaldus
471 1218 727 1275 triumphans
757 1218 1037 1262 Beneventum
1087 1215 1207 1258 rediit
1256 1215 1535 1273 Neapolitanis

161 1291 259 1334 pace
291 1276 481 1327 reddita,
518 1278 796 1334 Dauferioqne
833 1277 871 1316 in
906 1277 1125 1333 pristinum
1158 1285 1310 1317 statum
1333 1274 1535 1318 restituto.

279 1335 432 1377 XLVI.
467 1336 733 1377 Grimoaldus
765 1334 912 1377 deinde
960 1351 982 1376 a
1025 1333 1282 1376 Radelchisio
1323 1334 1542 1376 crudeliter

160 1396 461 1450 interemptus,
496 1406 534 1435 et
566 1396 687 1451 paulo
720 1406 811 1450 post
841 1394 933 1434 Sico
967 1394 1240 1449 principatum
1275 1402 1449 1448 occupat
1462 1394 1540 1433 Be-

165 1463 453 1493 neventanum.
491 1453 560 1494 Sui
594 1453 846 1509 principatus
879 1452 995 1492 initio
1033 1450 1084 1491 ab
1115 1449 1309 1491 omnibus
1344 1461 1533 1491 amatus·
1523 1483 1535 1503 ‚

162 1521 205 1552 at
235 1510 331 1552 hinc
367 1509 420 1551 ab
451 1510 527 1552 illis
563 1511 685 1567 ipsis,
726 1525 749 1550 a
782 1510 932 1568 quibus
976 1509 1027 1550 ad
1073 1507 1221 1550 solium
1273 1508 1404 1549 fuerat
1450 1524 1542 1550 eve-

161 1580 254 1611 ctus
274 1600 289 1620 ,
326 1584 367 1610 se
397 1570 591 1620 eximens,
612 1569 902 1612 Beneventanis
933 1567 1396 1624 crudeliter-imperavit.
1423 1567 1544 1608 Tunc

161 1627 318 1670 bellum
350 1629 523 1669 maxime
558 1628 755 1683 flagrabat
802 1642 898 1668 cum
927 1625 1203 1683 Neapolitanis
1225 1656 1238 1675 ,
1271 1635 1310 1665 et
1343 1624 1545 1667 sexdecim

166 1702 237 1743 per
271 1700 397 1727 annos
421 1687 565 1740 iugiter
595 1697 819 1743 pugnatum
839 1701 847 1726 :
869 1695 908 1725 at
924 1684 1201 1729 Beneventani
1218 1683 1328 1725 haud
1360 1699 1544 1741 unquam

164 1745 309 1786 urbem
352 1745 566 1786 moenibus
598 1744 774 1787 validam
807 1744 986 1800 capiunt.

280 1803 454 1846 XLVII
488 1803 678 1845 Sicardus
712 1803 867 1845 Siconis
899 1802 1007 1844 filius
1029 1834 1042 1853 ‚
1094 1802 1166 1858 qui
1199 1801 1358 1859 parenti
1396 1816 1470 1842 suo
1504 1801 1546 1843 in

167 1863 456 1903 Beneventano
488 1873 731 1903 successerat
770 1862 1008 1928 principatu
1037 1861 1106 1902 diu
1140 1875 1235 1902 cnm
1268 1858 1548 1914 Neapolitanis

167 1934 347 1977 pugnam
380 1931 642 1976 pugnaverat.
678 1919 764 1961 Sub
799 1934 846 1961 eo
879 1919 1061 1976 principe
1095 1919 1209 1975 plura
1248 1920 1424 1960 evenisse
1456 1934 1549 1959 nar-

164 1989 228 2021 mt
258 1979 437 2031 historia,
469 1990 508 2020 et
539 1980 776 2036 praesertim
804 1978 1099 2020 Saracenorum
1137 1987 1389 2018 memoratur
1409 1976 1450 2019 in
1468 1977 1550 2018 Ita-

164 2038 262 2081 liam
292 2037 506 2081 adventus.
543 2038 603 2080 Ea
635 2038 744 2079 enim
781 2052 877 2092 gens
898 2068 911 2087 ‚
943 2051 1046 2093 quae
1075 2036 1230 2078 iamdiu
1268 2035 1309 2076 in
1329 2034 1462 2076 Sicilia
1488 2051 1549 2077 se·

164 2097 258 2138 dem
284 2097 547 2147 conlocarat,
582 2098 635 2138 in
656 2096 775 2138 Italas
811 2110 901 2138 oras
936 2109 1080 2151 magna
1127 2109 1221 2135 cum
1268 2095 1389 2135 classe
1439 2109 1547 2136 anno

170 2154 564 2199 DCCCXXXVIlI.
589 2155 804 2211 pervenit,
840 2164 879 2196 et
914 2153 1194 2196 Brundusium
1226 2163 1411 2221 occupa-t.
1449 2153 1553 2195 Vrbs

170 2227 219 2255 eo
251 2224 435 2271 tempore
470 2213 520 2255 ad
569 2214 873 2255 Beneventanus
903 2211 1158 2268 pertinebat,
1196 2213 1267 2267 qui
1300 2213 1435 2252 statim
1452 2227 1546 2252 cum

172 2273 350 2313 exercitu
385 2271 435 2314 ad
468 2271 642 2330 opidum
670 2270 975 2314 defendendum
1019 2271 1275 2312 adcurrunt.
1308 2280 1349 2310 at
1395 2270 1548 2312 factum

172 2340 261 2389 est,
296 2340 342 2372 ut
372 2331 560 2375 Saraceni
590 2345 686 2377 cum
715 2329 812 2389 ipsis
839 2331 964 2374 armis
984 2330 1139 2414 fuerin:
1171 2329 1387 2386 congressi.
1424 2329 1545 2372 Multi
