1920 2579
191 787 287 812 Diana.

340 86 421 125 218

341 143 398 182 cie
430 140 601 182 coluere.
634 142 783 184 Nullus
818 141 959 198 estqui
991 141 1178 194 ignorat,
1216 141 1386 182 maiores
1421 150 1578 183 nostros
1597 157 1704 184 com-

341 201 536 241 mercium
572 200 963 257 opportunissimum
996 199 1104 241 ultro
1138 201 1322 256 citroque
1373 214 1466 240 cum
1515 201 1706 242 omnibus

339 260 422 300 sere
452 258 636 313 gentibus
657 292 668 311 ,
702 270 740 300 et
776 261 988 317 praecipue
1020 274 1116 301 cum
1149 258 1435 301 Alexandrinis
1466 260 1703 311 exercuisse,

337 319 406 373 qui
444 317 582 358 urbem
618 329 874 376 appetentes,
910 334 1038 360 mores
1067 333 1165 360 suos
1198 317 1472 360 introduxere.
1505 317 1616 358 Inter
1634 319 1707 359 alia

336 376 599 417 Alexandrini
635 380 741 418 hunc
772 375 896 419 deum
928 378 1394 433 patriuminvexerunt:
1431 375 1539 417 unde
1572 387 1710 432 postea

337 435 400 474 illa
435 450 529 488 gens
562 436 732 492 Neapoli
764 436 867 477 adeo
916 436 1117 486 excrevit,
1158 447 1203 476 ut
1252 435 1444 490 temporis
1497 449 1711 490 progressu

343 495 464 533 etiam
496 494 865 536 Alexandrinorum
914 494 1141 536 Phratriam
1193 493 1440 536 efformarit.
1492 494 1713 534 Partheno·

343 552 430 608 paei
463 568 556 594 vero
590 554 721 596 eidem
752 555 911 595 numini
948 554 1145 610 ternplum
1183 552 1263 609 (ut
1295 553 1461 604 fertur)
1495 551 1547 591 ad
1594 552 1716 592 Plata-

344 612 729 663 moniumantrum‚
763 629 870 654 nnnc
902 612 1161 655 Chz'atamone
1212 627 1324 652 secus
1357 611 1520 663 Plagam
1571 609 1715 664 Olym-

347 670 478 724 picam
500 702 511 720 ,
544 673 660 726 vulgo
696 672 867 728 Chiaja,
901 671 1101 713 dicarunt.
1135 668 1402 710 Sannazarius
1433 670 1509 710 hoc
1542 668 1715 710 indicas-

347 743 387 769 se
420 728 579 769 videtur
612 729 761 784 Ecloga
797 730 842 769 V.
877 745 912 769 v.
949 731 986 769 5.

462 787 587 827 Sicuti
620 787 878 843 Neapolitani
909 787 1120 829 Hebonem
1140 819 1151 841 ‚
1184 786 1265 827 sive
1296 785 1535 837 Solem‚sic
1568 796 1607 826 et
1637 785 1717 826 Lu-

347 861 443 886 nam
475 844 618 886 eodem
649 861 764 886 more
787 847 989 901 prosecuti
1022 846 1148 886 suere.
1184 848 1293 886 Haec
1327 843 1447 898 igitur
1481 843 1557 885 fuit
1590 844 1640 884 ab
1672 845 1720 884 il-

336 906 382 945 lis
416 903 492 944 snb
524 904 718 951 A'prspec'Eos
756 905 924 945 nomine
954 906 1078 946 culta.
1113 905 1220 945 Hinc
1252 904 1424 945 maiores
1457 903 1588 944 eidem
1616 913 1719 944 tem-

337 964 453 1019 plum
486 964 526 1003 in
560 963 669 1004 urbis
689 962 821 1004 medio
840 963 980 1004 ordine
1000 963 1138 1004 lonico
1165 960 1463 1004 aedificandum
1496 972 1714 1002 curarunt:

337 1021 449 1077 quod
482 1022 560 1062 fuit
592 1021 660 1062 ubi
695 1036 802 1066 nunc
837 1022 1084 1063 nobilissima
1118 1019 1296 1073 adsurgit
1331 1021 1370 1062 S.
1425 1018 1577 1060 Mariae
1628 1019 1717 1060 Ma-

338 1080 432 1121 ioris
465 1080 608 1130 aedes,
643 1080 760 1136 vulgo
793 1081 831 1120 S.
870 1080 1021 1121 Illam-ia
1058 1079 1176 1120 della
1215 1079 1364 1120 Pietra
1399 1078 1551 1119 Sama.
1597 1077 1652 1117 Et
1677 1093 1720 1118 re

339 1154 434 1181 sane
466 1154 559 1180 vera
590 1139 763 1180 Celanus
783 1170 797 1190 ,
834 1138 981 1181 Giorn.
1016 1137 1304 1196 ILNceterique
1336 1134 1456 1191 patrii
1502 1135 1718 1192 scriptores

341 1198 539 1248 tradunt,
571 1213 655 1255 qno
688 1209 871 1251 tempore
905 1197 1033 1238 huius
1065 1195 1267 1238 Ecclesiae
1298 1194 1565 1235 fundamenta
1599 1209 1620 1234 a
1669 1197 1721 1236 D.

341 1258 575 1313 Pomponio
624 1256 914 1312 Neapolitanae
963 1255 1167 1296 Ecclesiae
1202 1254 1390 1296 Praesule
1443 1253 1671 1294 iacerentur
1703 1284 1717 1304 ,

341 1316 504 1356 disiecta
539 1317 652 1372 plura
685 1317 837 1357 Dianae
884 1316 1024 1371 templi
1075 1313 1222 1355 rudera
1271 1312 1408 1356 fuisse.
1456 1312 1721 1368 Conspicitur

340 1374 473 1414 adhuc
514 1374 679 1415 latericii
714 1374 847 1431 operis
881 1388 971 1430 pars
1005 1367 1101 1430 (tf,
1149 1371 1219 1414 ubi
1256 1386 1365 1411 nunc
1413 1381 1471 1412 est
1521 1369 1720 1413 Ecclesiae

340 1435 463 1473 turris
498 1434 769 1486 campanaria,
804 1434 922 1488 vulgo
956 1434 990 1474 il
1023 1432 1304 1487 Campanile,
1330 1444 1434 1486 quae
1453 1430 1597 1472 vetusti
1622 1439 1720 1469 tem·

341 1492 402 1545 pli·
433 1492 767 1547 magnificentiam
803 1492 1032 1548 praesefert.
1066 1490 1191 1547 Apud
1225 1500 1426 1530 nostrates
1458 1504 1550 1530 vero
1571 1488 1724 1528 Dianae

340 1551 569 1591 sacerdotes
615 1551 790 1592 celebres
840 1565 1018 1596 evasere,
1067 1551 1136 1605 qui
1167 1548 1244 1589 sub
1279 1548 1509 1588 Dizmurum
1557 1546 1721 1586 nomine

341 1609 500 1648 salutati
532 1609 654 1649 fuere.
690 1613 787 1664 Quo
821 1609 928 1649 enim
962 1619 1145 1661 tempore
1178 1608 1326 1646 iratum
1381 1604 1600 1645 credebant
1650 1618 1717 1643 nu·

344 1682 463 1716 men,
498 1668 619 1707 iidem
654 1677 751 1708 tunc
783 1666 936 1707 facibus
969 1665 1144 1704 accensis
1164 1679 1233 1720 per
1257 1663 1404 1704 urbem
1442 1661 1724 1703 discurrebant

343 1737 542 1779 vagantes.
575 1725 763 1774 In-hisce
797 1725 940 1766 ritibus
976 1723 1101 1764 multa
1157 1721 1448 1778 patrabantur:
1493 1722 1597 1760 inter
1648 1719 1722 1759 alia

342 1785 519 1824 carmina
553 1784 753 1839 quaedam
802 1783 1009 1824 canebant.
1059 1781 1276 1834 Temporis
1324 1793 1536 1835 progressu
1587 1793 1721 1819 eversa

345 1843 617 1883 Etliuicorum
652 1842 877 1898 religione,
913 1852 951 1882 et
984 1841 1310 1881 Christianorum
1363 1837 1627 1888 introducta,
1661 1837 1720 1878 ni-

348 1978 1692 1997 Μ

443 2070 498 2114 (1)
526 2070 604 2104 Hoc
631 2080 722 2117 opus
751 2066 943 2101 lateritium
973 2073 1024 2098 est
1052 2075 1132 2111 pars
1164 2067 1329 2096 vetustae
1357 2059 1619 2107 Campanariae
1650 2069 1725 2095 tur-

350 2119 395 2152 ris
424 2131 440 2152 u
485 2119 530 2153 D.
575 2117 780 2166 Pomponio
827 2114 1032 2149 aedificatae
1055 2139 1065 2156 ‚
1114 2113 1150 2147 in
1198 2111 1303 2145 cuius
1331 2110 1411 2145 basi
1438 2116 1569 2145 restant
1611 2109 1728 2145 adhuc

350 2169 451 2216 plura
483 2168 621 2217 antiqui
650 2166 774 2214 templi
802 2175 998 2200 marmorea
1028 2162 1151 2198 frusta.
1184 2160 1343 2196 Celanus
1373 2158 1544 2209 quasdam
1585 2161 1726 2195 subter-

356 2231 482 2253 raneas
510 2230 663 2253 cameras
690 2229 754 2252 suo
781 2228 866 2250 aevo
889 2242 898 2257 ‚
926 2221 960 2249 et
987 2213 1088 2261 plura
1119 2224 1201 2249 vasa
1228 2211 1367 2246 Graeco
1384 2222 1488 2258 opere
1513 2238 1522 2255 ,
1553 2218 1587 2246 et
1615 2211 1724 2247 Grae-

352 2270 410 2304 ¹cis
437 2268 703 2304 characteribus
727 2272 865 2315 reperta
891 2264 999 2301 fuisse
1029 2269 1144 2299 narrat
1170 2261 1247 2297 loco
1277 2269 1360 2297 aute
1387 2261 1511 2296 citam.
