<?xml version="1.0" encoding="UTF-8"?>
<!DOCTYPE html PUBLIC "-//W3C//DTD XHTML 1.0 Transitional//EN"
    "http://www.w3.org/TR/xhtml1/DTD/xhtml1-transitional.dtd">
<html xmlns="http://www.w3.org/1999/xhtml" xml:lang="en" lang="en">
 <head>
  <title>
</title>
<meta http-equiv="Content-Type" content="text/html;charset=utf-8" />
  <meta name='ocr-system' content='tesseract 3.04.00' />
  <meta name='ocr-capabilities' content='ocr_page ocr_carea ocr_par ocr_line ocrx_word'/>
</head>
<body>
  <div class='ocr_page' id='page_1' title='image "./universiaecampan01laur/universiaecampan01laur_0143.png"; bbox 0 0 1920 2579; ppageno 0'>
   <div class='ocr_carea' id='block_1_1' title="bbox 1467 104 1542 144">
    <p class='ocr_par' dir='ltr' id='par_1_1' title="bbox 1467 104 1542 144">
     <span class='ocr_line' id='line_1_1' title="bbox 1467 104 1542 144; baseline 0 0"><span class='ocrx_word' id='word_1_1' title='bbox 1467 104 1542 144; x_wconf 77' lang='lat' dir='ltr'>13t</span> 
     </span>
    </p>
   </div>
   <div class='ocr_carea' id='block_1_2' title="bbox 166 216 1549 409">
    <p class='ocr_par' dir='ltr' id='par_1_2' title="bbox 166 216 1549 409">
     <span class='ocr_line' id='line_1_2' title="bbox 166 216 1549 262; baseline -0.004 -3"><span class='ocrx_word' id='word_1_2' title='bbox 166 219 413 262; x_wconf 71' lang='lat' dir='ltr'><strong>VALENTIS</strong></span> <span class='ocrx_word' id='word_1_3' title='bbox 440 233 451 257; x_wconf 75' lang='grc' dir='ltr'>ς</span> <span class='ocrx_word' id='word_1_4' title='bbox 478 216 709 258; x_wconf 80' lang='lat' dir='ltr'><strong>FLAMINIS</strong></span> <span class='ocrx_word' id='word_1_5' title='bbox 740 245 749 254; x_wconf 87' lang='lat'><strong>.</strong></span> <span class='ocrx_word' id='word_1_6' title='bbox 777 218 995 258; x_wconf 84' lang='lat' dir='ltr'>NERONIS</span> <span class='ocrx_word' id='word_1_7' title='bbox 1027 247 1036 257; x_wconf 91' lang='lat'>.</span> <span class='ocrx_word' id='word_1_8' title='bbox 1064 219 1171 258; x_wconf 88' lang='lat' dir='ltr'>AUG</span> <span class='ocrx_word' id='word_1_9' title='bbox 1192 245 1200 254; x_wconf 93' lang='lat'><em>.</em></span> <span class='ocrx_word' id='word_1_10' title='bbox 1219 216 1250 254; x_wconf 76' lang='lat' dir='ltr'><strong>F</strong></span> <span class='ocrx_word' id='word_1_11' title='bbox 1271 246 1279 256; x_wconf 90' lang='lat'><strong><em>.</em></strong></span> <span class='ocrx_word' id='word_1_12' title='bbox 1300 216 1549 255; x_wconf 81' lang='lat' dir='ltr'><strong>PERPETUI</strong></span> 
     </span>
     <span class='ocr_line' id='line_1_3' title="bbox 439 268 1271 309; baseline -0.004 -1"><span class='ocrx_word' id='word_1_13' title='bbox 439 271 472 308; x_wconf 90' lang='lat' dir='ltr'>D</span> <span class='ocrx_word' id='word_1_14' title='bbox 501 295 512 306; x_wconf 89' lang='lat'>.</span> <span class='ocrx_word' id='word_1_15' title='bbox 537 268 773 306; x_wconf 83' lang='lat' dir='ltr'>LUCRETII</span> <span class='ocrx_word' id='word_1_16' title='bbox 799 297 809 308; x_wconf 87' lang='lat'><em>.</em></span> <span class='ocrx_word' id='word_1_17' title='bbox 835 271 1086 309; x_wconf 82' lang='lat' dir='ltr'><strong>VALENTIS</strong></span> <span class='ocrx_word' id='word_1_18' title='bbox 1119 298 1126 306; x_wconf 93' lang='lat'>.</span> <span class='ocrx_word' id='word_1_19' title='bbox 1155 269 1271 307; x_wconf 88' lang='lat' dir='ltr'>FILII</span> 
     </span>
     <span class='ocr_line' id='line_1_4' title="bbox 200 317 1522 409; baseline -0.005 -50"><span class='ocrx_word' id='word_1_20' title='bbox 200 322 253 359; x_wconf 81' lang='lat' dir='ltr'>IV</span> <span class='ocrx_word' id='word_1_21' title='bbox 282 350 290 359; x_wconf 95' lang='lat'><em>.</em></span> <span class='ocrx_word' id='word_1_22' title='bbox 318 323 418 361; x_wconf 85' lang='lat' dir='ltr'>KAL</span> <span class='ocrx_word' id='word_1_23' title='bbox 446 347 455 357; x_wconf 84' lang='lat'><strong>.</strong></span> <span class='ocrx_word' id='word_1_24' title='bbox 483 319 626 358; x_wconf 83' lang='lat' dir='ltr'>APRIL</span> <span class='ocrx_word' id='word_1_25' title='bbox 655 319 1046 409; x_wconf 40' lang='lat' dir='ltr'>‘gEi—{AgligN-IJT</span> <span class='ocrx_word' id='word_1_26' title='bbox 1078 352 1086 360; x_wconf 89' lang='lat'><strong>.</strong></span> <span class='ocrx_word' id='word_1_27' title='bbox 1115 320 1244 358; x_wconf 84' lang='lat' dir='ltr'><strong>VELA</strong></span> <span class='ocrx_word' id='word_1_28' title='bbox 1273 348 1282 357; x_wconf 88' lang='lat'><strong>.</strong></span> <span class='ocrx_word' id='word_1_29' title='bbox 1309 317 1482 356; x_wconf 80' lang='lat' dir='ltr'>ERUNT</span> <span class='ocrx_word' id='word_1_30' title='bbox 1512 345 1522 352; x_wconf 92' lang='lat'>.</span> 
     </span>
    </p>
   </div>
   <div class='ocr_carea' id='block_1_3' title="bbox 168 476 1731 659">
    <p class='ocr_par' dir='ltr' id='par_1_3' title="bbox 168 476 1731 659">
     <span class='ocr_line' id='line_1_5' title="bbox 288 476 1720 548; baseline -0.006 -21"><span class='ocrx_word' id='word_1_31' title='bbox 288 483 404 528; x_wconf 84' lang='lat' dir='ltr'>Isidis</span> <span class='ocrx_word' id='word_1_32' title='bbox 435 484 640 540; x_wconf 89' lang='lat' dir='ltr'>templum</span> <span class='ocrx_word' id='word_1_33' title='bbox 677 482 818 525; x_wconf 84' lang='lat' dir='ltr'>fuitin</span> <span class='ocrx_word' id='word_1_34' title='bbox 851 481 985 524; x_wconf 85' lang='lat' dir='ltr'>media</span> <span class='ocrx_word' id='word_1_35' title='bbox 1021 480 1153 536; x_wconf 82' lang='lat' dir='ltr'>urbe3</span> <span class='ocrx_word' id='word_1_36' title='bbox 1195 481 1298 522; x_wconf 88' lang='lat' dir='ltr'>illud</span> <span class='ocrx_word' id='word_1_37' title='bbox 1333 490 1390 522; x_wconf 88' lang='lat' dir='ltr'>est</span> <span class='ocrx_word' id='word_1_38' title='bbox 1408 478 1541 520; x_wconf 89' lang='lat' dir='ltr'>adhuc</span> <span class='ocrx_word' id='word_1_39' title='bbox 1595 476 1720 548; x_wconf 40' lang='lat' dir='ltr'>tessjffifu</span> 
     </span>
     <span class='ocr_line' id='line_1_6' title="bbox 168 537 1731 600; baseline -0.006 -12"><span class='ocrx_word' id='word_1_40' title='bbox 168 543 311 590; x_wconf 79' lang='lat' dir='ltr'>rerum</span> <span class='ocrx_word' id='word_1_41' title='bbox 342 543 687 600; x_wconf 78' lang='lat' dir='ltr'>Pompeianarum</span> <span class='ocrx_word' id='word_1_42' title='bbox 720 541 1047 599; x_wconf 88' lang='lat' dir='ltr'>pulcherrimum</span> <span class='ocrx_word' id='word_1_43' title='bbox 1066 572 1081 593; x_wconf 85' lang='lat'><em>,</em></span> <span class='ocrx_word' id='word_1_44' title='bbox 1116 552 1239 599; x_wconf 86' lang='lat' dir='ltr'>atque</span> <span class='ocrx_word' id='word_1_45' title='bbox 1259 538 1541 580; x_wconf 88' lang='lat' dir='ltr'>venerandum</span> <span class='ocrx_word' id='word_1_46' title='bbox 1724 537 1731 545; x_wconf 72' lang='lat'><strong>⁴</strong></span> 
     </span>
     <span class='ocr_line' id='line_1_7' title="bbox 169 596 1544 659; baseline -0.008 -11"><span class='ocrx_word' id='word_1_47' title='bbox 169 611 504 648; x_wconf 82' lang='lat' dir='ltr'>monumentum·</span> <span class='ocrx_word' id='word_1_48' title='bbox 542 600 611 644; x_wconf 88' lang='lat' dir='ltr'>Ab</span> <span class='ocrx_word' id='word_1_49' title='bbox 645 599 933 646; x_wconf 81' lang='lat' dir='ltr'>Alexandrinis</span> <span class='ocrx_word' id='word_1_50' title='bbox 954 632 967 655; x_wconf 94' lang='lat'>,</span> <span class='ocrx_word' id='word_1_51' title='bbox 1003 600 1075 659; x_wconf 87' lang='lat' dir='ltr'>qui</span> <span class='ocrx_word' id='word_1_52' title='bbox 1106 615 1202 642; x_wconf 90' lang='lat' dir='ltr'>cum</span> <span class='ocrx_word' id='word_1_53' title='bbox 1223 596 1480 656; x_wconf 82' lang='lat' dir='ltr'>Pompeianis</span> <span class='ocrx_word' id='word_1_54' title='bbox 1497 611 1544 637; x_wconf 82' lang='lat' dir='ltr'>ex</span> 
     </span>
    </p>
   </div>
   <div class='ocr_carea' id='block_1_4' title="bbox 171 658 1558 893">
    <p class='ocr_par' dir='ltr' id='par_1_4' title="bbox 171 658 1558 893">
     <span class='ocr_line' id='line_1_8' title="bbox 171 658 1546 723; baseline -0.007 -17"><span class='ocrx_word' id='word_1_55' title='bbox 171 662 407 723; x_wconf 86' lang='lat' dir='ltr'><strong>longinquis</strong></span> <span class='ocrx_word' id='word_1_56' title='bbox 441 658 677 717; x_wconf 81' lang='lat' dir='ltr'>regionibus</span> <span class='ocrx_word' id='word_1_57' title='bbox 710 660 965 716; x_wconf 84' lang='lat' dir='ltr'>negotiatum</span> <span class='ocrx_word' id='word_1_58' title='bbox 1017 658 1321 710; x_wconf 85' lang='lat' dir='ltr'>advectabant,</span> <span class='ocrx_word' id='word_1_59' title='bbox 1363 665 1546 699; x_wconf 86' lang='lat' dir='ltr'>erectum</span> 
     </span>
     <span class='ocr_line' id='line_1_9' title="bbox 173 716 1557 776; baseline -0.007 -13"><span class='ocrx_word' id='word_1_60' title='bbox 173 721 301 763; x_wconf 78' lang='lat' dir='ltr'>fuisse</span> <span class='ocrx_word' id='word_1_61' title='bbox 353 720 462 762; x_wconf 85' lang='lat' dir='ltr'>fama</span> <span class='ocrx_word' id='word_1_62' title='bbox 506 729 577 760; x_wconf 85' lang='lat' dir='ltr'>est.</span> <span class='ocrx_word' id='word_1_63' title='bbox 614 721 677 760; x_wconf 85' lang='lat' dir='ltr'>Ex</span> <span class='ocrx_word' id='word_1_64' title='bbox 725 718 906 776; x_wconf 87' lang='lat' dir='ltr'>quodam</span> <span class='ocrx_word' id='word_1_65' title='bbox 937 717 1112 774; x_wconf 84' lang='lat' dir='ltr'>lapide,</span> <span class='ocrx_word' id='word_1_66' title='bbox 1149 717 1348 774; x_wconf 82' lang='lat' dir='ltr'>templum</span> <span class='ocrx_word' id='word_1_67' title='bbox 1389 716 1557 757; x_wconf 80' lang='lat' dir='ltr'>fortasse</span> 
     </span>
     <span class='ocr_line' id='line_1_10' title="bbox 178 773 1558 833; baseline -0.006 -12"><span class='ocrx_word' id='word_1_68' title='bbox 178 787 456 821; x_wconf 84' lang='lat' dir='ltr'>restauratum</span> <span class='ocrx_word' id='word_1_69' title='bbox 487 777 611 819; x_wconf 88' lang='lat' dir='ltr'>fuisse</span> <span class='ocrx_word' id='word_1_70' title='bbox 646 787 743 833; x_wconf 89' lang='lat' dir='ltr'>post</span> <span class='ocrx_word' id='word_1_71' title='bbox 774 786 1069 819; x_wconf 87' lang='lat' dir='ltr'>terraemotum</span> <span class='ocrx_word' id='word_1_72' title='bbox 1093 777 1189 817; x_wconf 87' lang='lat' dir='ltr'>anni</span> <span class='ocrx_word' id='word_1_73' title='bbox 1222 773 1382 818; x_wconf 80' lang='lat' dir='ltr'>LXIII.</span> <span class='ocrx_word' id='word_1_74' title='bbox 1400 789 1421 814; x_wconf 89' lang='lat' dir='ltr'>a</span> <span class='ocrx_word' id='word_1_75' title='bbox 1445 773 1558 815; x_wconf 87' lang='lat' dir='ltr'>Chri-</span> 
     </span>
     <span class='ocr_line' id='line_1_11' title="bbox 179 833 1252 893; baseline -0.003 -14"><span class='ocrx_word' id='word_1_76' title='bbox 179 835 233 879; x_wconf 73' lang='lat' dir='ltr'>sti</span> <span class='ocrx_word' id='word_1_77' title='bbox 260 847 355 881; x_wconf 84' lang='lat' dir='ltr'>ortu</span> <span class='ocrx_word' id='word_1_78' title='bbox 387 850 410 878; x_wconf 85' lang='lat' dir='ltr'>a</span> <span class='ocrx_word' id='word_1_79' title='bbox 444 834 647 882; x_wconf 88' lang='lat' dir='ltr'>Numerio</span> <span class='ocrx_word' id='word_1_80' title='bbox 680 833 854 893; x_wconf 89' lang='lat' dir='ltr'>Popidio</span> <span class='ocrx_word' id='word_1_81' title='bbox 884 834 1048 879; x_wconf 85' lang='lat' dir='ltr'>Celsino</span> <span class='ocrx_word' id='word_1_82' title='bbox 1065 843 1252 879; x_wconf 76' lang='lat' dir='ltr'>constat:</span> 
     </span>
    </p>
   </div>
   <div class='ocr_carea' id='block_1_5' title="bbox 300 948 1444 1247">
    <p class='ocr_par' dir='ltr' id='par_1_5' title="bbox 300 948 1444 1247">
     <span class='ocr_line' id='line_1_12' title="bbox 452 948 1282 987; baseline -0.001 0"><span class='ocrx_word' id='word_1_83' title='bbox 452 950 487 987; x_wconf 77' lang='lat' dir='ltr'>N</span> <span class='ocrx_word' id='word_1_84' title='bbox 515 965 526 986; x_wconf 51' lang='lat'>*.</span> <span class='ocrx_word' id='word_1_85' title='bbox 552 949 782 987; x_wconf 88' lang='lat' dir='ltr'>POPIDIUS</span> <span class='ocrx_word' id='word_1_86' title='bbox 812 975 822 984; x_wconf 86' lang='lat'><strong>.</strong></span> <span class='ocrx_word' id='word_1_87' title='bbox 848 948 883 985; x_wconf 86' lang='lat' dir='ltr'>N</span> <span class='ocrx_word' id='word_1_88' title='bbox 911 975 920 985; x_wconf 84' lang='lat'><em>.</em></span> <span class='ocrx_word' id='word_1_89' title='bbox 947 948 978 984; x_wconf 83' lang='lat' dir='ltr'><strong>F</strong></span> <span class='ocrx_word' id='word_1_90' title='bbox 1003 964 1017 984; x_wconf 70' lang='lat'>.-</span> <span class='ocrx_word' id='word_1_91' title='bbox 1042 948 1282 986; x_wconf 89' lang='lat' dir='ltr'><strong>CELSINUS</strong></span> 
     </span>
     <span class='ocr_line' id='line_1_13' title="bbox 300 997 1444 1039; baseline -0.004 0"><span class='ocrx_word' id='word_1_92' title='bbox 300 999 455 1039; x_wconf 81' lang='lat' dir='ltr'><strong>AEDEM</strong></span> <span class='ocrx_word' id='word_1_93' title='bbox 480 1025 491 1036; x_wconf 85' lang='lat'><strong>.</strong></span> <span class='ocrx_word' id='word_1_94' title='bbox 516 999 657 1038; x_wconf 91' lang='lat' dir='ltr'>ISIDIS</span> <span class='ocrx_word' id='word_1_95' title='bbox 687 1026 698 1035; x_wconf 87' lang='lat'><strong>.</strong></span> <span class='ocrx_word' id='word_1_96' title='bbox 723 998 1075 1036; x_wconf 85' lang='lat' dir='ltr'><strong>TERRAEMOTU</strong></span> <span class='ocrx_word' id='word_1_97' title='bbox 1104 1025 1115 1034; x_wconf 88' lang='lat'><strong>.</strong></span> <span class='ocrx_word' id='word_1_98' title='bbox 1141 997 1444 1034; x_wconf 79' lang='lat' dir='ltr'><strong>CONLAPSUM</strong></span> 
     </span>
     <span class='ocr_line' id='line_1_14' title="bbox 377 1047 1353 1087; baseline -0.002 -1"><span class='ocrx_word' id='word_1_99' title='bbox 377 1051 409 1086; x_wconf 89' lang='lat' dir='ltr'><strong>A</strong></span> <span class='ocrx_word' id='word_1_100' title='bbox 436 1075 448 1085; x_wconf 91' lang='lat'>.</span> <span class='ocrx_word' id='word_1_101' title='bbox 472 1047 828 1087; x_wconf 82' lang='lat' dir='ltr'><strong>FUNDAMENTO</strong></span> <span class='ocrx_word' id='word_1_102' title='bbox 855 1076 865 1086; x_wconf 83' lang='lat'>.</span> <span class='ocrx_word' id='word_1_103' title='bbox 890 1050 921 1086; x_wconf 89' lang='grc' dir='ltr'>Ρ</span> <span class='ocrx_word' id='word_1_104' title='bbox 949 1075 958 1084; x_wconf 90' lang='grc'><strong>.</strong></span> <span class='ocrx_word' id='word_1_105' title='bbox 985 1049 1010 1086; x_wconf 94' lang='lat' dir='ltr'>S</span> <span class='ocrx_word' id='word_1_106' title='bbox 1042 1077 1050 1085; x_wconf 92' lang='lat'><em>.</em></span> <span class='ocrx_word' id='word_1_107' title='bbox 1077 1048 1353 1085; x_wconf 84' lang='lat' dir='ltr'><strong>RESTITUIT</strong></span> 
     </span>
     <span class='ocr_line' id='line_1_15' title="bbox 301 1098 1443 1139; baseline -0.005 0"><span class='ocrx_word' id='word_1_108' title='bbox 301 1099 440 1139; x_wconf 78' lang='lat' dir='ltr'>HUNC</span> <span class='ocrx_word' id='word_1_109' title='bbox 469 1126 478 1136; x_wconf 92' lang='lat'>.</span> <span class='ocrx_word' id='word_1_110' title='bbox 509 1099 831 1137; x_wconf 89' lang='lat' dir='ltr'><strong>DECURIONES</strong></span> <span class='ocrx_word' id='word_1_111' title='bbox 863 1128 872 1136; x_wconf 88' lang='lat'><strong><em>.</em></strong></span> <span class='ocrx_word' id='word_1_112' title='bbox 902 1099 966 1135; x_wconf 89' lang='lat' dir='ltr'>OB</span> <span class='ocrx_word' id='word_1_113' title='bbox 996 1126 1007 1136; x_wconf 86' lang='lat'><strong>.</strong></span> <span class='ocrx_word' id='word_1_114' title='bbox 1035 1098 1443 1139; x_wconf 79' lang='lat' dir='ltr'><strong>LIBERALITATEM</strong></span> 
     </span>
     <span class='ocr_line' id='line_1_16' title="bbox 377 1149 1346 1196; baseline -0.001 -10"><span class='ocrx_word' id='word_1_115' title='bbox 377 1149 491 1186; x_wconf 88' lang='lat' dir='ltr'>CUM</span> <span class='ocrx_word' id='word_1_116' title='bbox 520 1178 529 1187; x_wconf 92' lang='lat'><strong><em>.</em></strong></span> <span class='ocrx_word' id='word_1_117' title='bbox 557 1149 711 1187; x_wconf 72' lang='lat' dir='ltr'>ESSET</span> <span class='ocrx_word' id='word_1_118' title='bbox 741 1178 750 1187; x_wconf 92' lang='lat'><strong>.</strong></span> <span class='ocrx_word' id='word_1_119' title='bbox 777 1149 1036 1188; x_wconf 79' lang='lat' dir='ltr'><strong>ANNORUM</strong></span> <span class='ocrx_word' id='word_1_120' title='bbox 1062 1177 1072 1187; x_wconf 94' lang='lat'>.</span> <span class='ocrx_word' id='word_1_121' title='bbox 1098 1150 1224 1186; x_wconf 88' lang='lat' dir='ltr'>SEXS</span> <span class='ocrx_word' id='word_1_122' title='bbox 1253 1176 1261 1186; x_wconf 93' lang='lat'><strong>.</strong></span> <span class='ocrx_word' id='word_1_123' title='bbox 1288 1151 1346 1196; x_wconf 78' lang='grc' dir='ltr'>(ι)</span> 
     </span>
     <span class='ocr_line' id='line_1_17' title="bbox 350 1200 1387 1247; baseline -0.001 -10"><span class='ocrx_word' id='word_1_124' title='bbox 350 1200 525 1239; x_wconf 86' lang='lat' dir='ltr'>ORDINI</span> <span class='ocrx_word' id='word_1_125' title='bbox 554 1227 564 1238; x_wconf 86' lang='lat'><strong>.</strong></span> <span class='ocrx_word' id='word_1_126' title='bbox 591 1201 691 1240; x_wconf 89' lang='lat' dir='ltr'>SUO</span> <span class='ocrx_word' id='word_1_127' title='bbox 720 1227 732 1247; x_wconf 46' lang='lat' dir='ltr'>q</span> <span class='ocrx_word' id='word_1_128' title='bbox 756 1200 941 1239; x_wconf 71' lang='lat' dir='ltr'><strong>GRATIS</strong></span> <span class='ocrx_word' id='word_1_129' title='bbox 966 1228 979 1245; x_wconf 61' lang='lat'>,-</span> <span class='ocrx_word' id='word_1_130' title='bbox 1005 1200 1347 1239; x_wconf 78' lang='lat' dir='ltr'><strong>ADLEGERUNT</strong></span> <span class='ocrx_word' id='word_1_131' title='bbox 1374 1212 1387 1244; x_wconf 57' lang='lat' dir='ltr'>,j</span> 
     </span>
    </p>
   </div>
   <div class='ocr_carea' id='block_1_6' title="bbox 162 1384 1637 2293">
    <p class='ocr_par' dir='ltr' id='par_1_6' title="bbox 174 1384 1563 1586">
     <span class='ocr_line' id='line_1_18' title="bbox 278 1384 1560 1436; baseline 0.002 -16"><span class='ocrx_word' id='word_1_132' title='bbox 278 1385 337 1436; x_wconf 76' lang='grc' dir='ltr'>(ι)</span> <span class='ocrx_word' id='word_1_133' title='bbox 363 1384 540 1434; x_wconf 87' lang='lat' dir='ltr'>Popidius</span> <span class='ocrx_word' id='word_1_134' title='bbox 565 1384 734 1427; x_wconf 77' lang='lat' dir='ltr'>Celsinus</span> <span class='ocrx_word' id='word_1_135' title='bbox 757 1385 831 1423; x_wconf 79' lang='lat' dir='ltr'>fuit</span> <span class='ocrx_word' id='word_1_136' title='bbox 857 1385 943 1424; x_wconf 84' lang='lat' dir='ltr'>civis</span> <span class='ocrx_word' id='word_1_137' title='bbox 967 1386 1214 1436; x_wconf 84' lang='lat' dir='ltr'>Pompeianus</span> <span class='ocrx_word' id='word_1_138' title='bbox 1239 1386 1364 1436; x_wconf 81' lang='lat' dir='ltr'>procul</span> <span class='ocrx_word' id='word_1_139' title='bbox 1411 1386 1523 1424; x_wconf 85' lang='lat' dir='ltr'>dubio</span> <span class='ocrx_word' id='word_1_140' title='bbox 1548 1415 1560 1431; x_wconf 82' lang='grc'>,</span> 
     </span>
     <span class='ocr_line' id='line_1_19' title="bbox 174 1434 1561 1474; baseline 0 -2"><span class='ocrx_word' id='word_1_141' title='bbox 174 1445 214 1473; x_wconf 68' lang='lat' dir='ltr'>ct</span> <span class='ocrx_word' id='word_1_142' title='bbox 241 1447 286 1473; x_wconf 77' lang='lat' dir='ltr'>ex</span> <span class='ocrx_word' id='word_1_143' title='bbox 310 1434 449 1473; x_wconf 81' lang='lat' dir='ltr'>familia</span> <span class='ocrx_word' id='word_1_144' title='bbox 474 1434 588 1472; x_wconf 85' lang='lat' dir='ltr'>nobili</span> <span class='ocrx_word' id='word_1_145' title='bbox 614 1443 728 1473; x_wconf 87' lang='lat' dir='ltr'>ortus.</span> <span class='ocrx_word' id='word_1_146' title='bbox 755 1435 866 1473; x_wconf 86' lang='lat' dir='ltr'>Hunc</span> <span class='ocrx_word' id='word_1_147' title='bbox 890 1437 1010 1474; x_wconf 80' lang='lat' dir='ltr'>virum</span> <span class='ocrx_word' id='word_1_148' title='bbox 1036 1437 1119 1472; x_wconf 81' lang='lat' dir='ltr'>satis</span> <span class='ocrx_word' id='word_1_149' title='bbox 1144 1436 1297 1473; x_wconf 87' lang='lat' dir='ltr'>divitem</span> <span class='ocrx_word' id='word_1_150' title='bbox 1322 1437 1435 1473; x_wconf 85' lang='lat' dir='ltr'>fuisse</span> <span class='ocrx_word' id='word_1_151' title='bbox 1463 1436 1561 1474; x_wconf 83' lang='lat' dir='ltr'>vide-</span> 
     </span>
     <span class='ocr_line' id='line_1_20' title="bbox 174 1482 1563 1537; baseline 0.001 -15"><span class='ocrx_word' id='word_1_152' title='bbox 174 1496 238 1522; x_wconf 84' lang='lat' dir='ltr'>tur</span> <span class='ocrx_word' id='word_1_153' title='bbox 258 1514 270 1532; x_wconf 86' lang='lat'>,</span> <span class='ocrx_word' id='word_1_154' title='bbox 296 1484 361 1537; x_wconf 83' lang='lat' dir='ltr'>qui</span> <span class='ocrx_word' id='word_1_155' title='bbox 387 1482 490 1520; x_wconf 82' lang='lat' dir='ltr'>Isidis</span> <span class='ocrx_word' id='word_1_156' title='bbox 514 1485 693 1536; x_wconf 81' lang='lat' dir='ltr'>templum</span> <span class='ocrx_word' id='word_1_157' title='bbox 719 1499 739 1523; x_wconf 89' lang='lat' dir='ltr'>a</span> <span class='ocrx_word' id='word_1_158' title='bbox 765 1485 1012 1524; x_wconf 82' lang='lat' dir='ltr'>fundamentis</span> <span class='ocrx_word' id='word_1_159' title='bbox 1038 1486 1248 1536; x_wconf 84' lang='lat' dir='ltr'>conlapsum</span> <span class='ocrx_word' id='word_1_160' title='bbox 1276 1493 1496 1524; x_wconf 84' lang='lat' dir='ltr'>terraemotu</span> <span class='ocrx_word' id='word_1_161' title='bbox 1511 1500 1563 1523; x_wconf 83' lang='lat' dir='ltr'>re-</span> 
     </span>
     <span class='ocr_line' id='line_1_21' title="bbox 180 1533 1359 1586; baseline -0.001 -13"><span class='ocrx_word' id='word_1_162' title='bbox 180 1537 322 1580; x_wconf 82' lang='lat' dir='ltr'>stituit,</span> <span class='ocrx_word' id='word_1_163' title='bbox 348 1533 395 1570; x_wconf 83' lang='lat' dir='ltr'>ad</span> <span class='ocrx_word' id='word_1_164' title='bbox 421 1533 523 1583; x_wconf 84' lang='lat' dir='ltr'>quod</span> <span class='ocrx_word' id='word_1_165' title='bbox 548 1536 829 1573; x_wconf 82' lang='lat' dir='ltr'>restaurandum</span> <span class='ocrx_word' id='word_1_166' title='bbox 855 1536 1014 1573; x_wconf 85' lang='lat' dir='ltr'>multum</span> <span class='ocrx_word' id='word_1_167' title='bbox 1042 1537 1123 1573; x_wconf 85' lang='lat' dir='ltr'>auri</span> <span class='ocrx_word' id='word_1_168' title='bbox 1151 1537 1359 1586; x_wconf 82' lang='lat' dir='ltr'>insumpsit.</span> 
     </span>
    </p>

    <p class='ocr_par' dir='ltr' id='par_1_7' title="bbox 169 1584 1637 2089">
     <span class='ocr_line' id='line_1_22' title="bbox 277 1584 1564 1638; baseline 0.003 -17"><span class='ocrx_word' id='word_1_169' title='bbox 277 1586 435 1624; x_wconf 82' lang='lat' dir='ltr'>Versum</span> <span class='ocrx_word' id='word_1_170' title='bbox 460 1584 568 1622; x_wconf 86' lang='lat' dir='ltr'>illum</span> <span class='ocrx_word' id='word_1_171' title='bbox 594 1585 690 1623; x_wconf 82' lang='lat' dir='ltr'>Cum</span> <span class='ocrx_word' id='word_1_172' title='bbox 715 1594 808 1624; x_wconf 76' lang='lat' dir='ltr'>esset</span> <span class='ocrx_word' id='word_1_173' title='bbox 832 1599 1011 1624; x_wconf 78' lang='lat' dir='ltr'>armorum</span> <span class='ocrx_word' id='word_1_174' title='bbox 1038 1599 1138 1624; x_wconf 70' lang='lat' dir='ltr'>tex-s„</span> <span class='ocrx_word' id='word_1_175' title='bbox 1155 1588 1294 1624; x_wconf 89' lang='lat' dir='ltr'>diverso</span> <span class='ocrx_word' id='word_1_176' title='bbox 1315 1587 1422 1624; x_wconf 87' lang='lat' dir='ltr'>modo</span> <span class='ocrx_word' id='word_1_177' title='bbox 1436 1587 1564 1638; x_wconf 80' lang='lat' dir='ltr'>legunt</span> 
     </span>
     <span class='ocr_line' id='line_1_23' title="bbox 178 1635 1564 1689; baseline 0.001 -15"><span class='ocrx_word' id='word_1_178' title='bbox 178 1636 372 1674; x_wconf 86' lang='lat' dir='ltr'>nonnulli:</span> <span class='ocrx_word' id='word_1_179' title='bbox 399 1640 486 1673; x_wconf 84' lang='lat' dir='ltr'>sunt</span> <span class='ocrx_word' id='word_1_180' title='bbox 511 1635 577 1686; x_wconf 90' lang='lat' dir='ltr'>qui</span> <span class='ocrx_word' id='word_1_181' title='bbox 604 1637 900 1689; x_wconf 81' lang='lat' dir='ltr'>interpretrantur</span> <span class='ocrx_word' id='word_1_182' title='bbox 927 1650 1040 1674; x_wconf 85' lang='lat' dir='ltr'>annos</span> <span class='ocrx_word' id='word_1_183' title='bbox 1063 1637 1279 1681; x_wconf 75' lang='lat' dir='ltr'>sexdecim,</span> <span class='ocrx_word' id='word_1_184' title='bbox 1308 1637 1564 1689; x_wconf 73' lang='lat' dir='ltr'>aliisaxagin-</span> 
     </span>
     <span class='ocr_line' id='line_1_24' title="bbox 179 1686 1563 1739; baseline 0.003 -17"><span class='ocrx_word' id='word_1_185' title='bbox 179 1696 232 1723; x_wconf 78' lang='grc' dir='ltr'>ια.</span> <span class='ocrx_word' id='word_1_186' title='bbox 261 1688 335 1732; x_wconf 84' lang='lat' dir='ltr'>Qui</span> <span class='ocrx_word' id='word_1_187' title='bbox 360 1686 520 1735; x_wconf 84' lang='lat' dir='ltr'>primum</span> <span class='ocrx_word' id='word_1_188' title='bbox 546 1687 730 1734; x_wconf 83' lang='lat' dir='ltr'>sentiunt,</span> <span class='ocrx_word' id='word_1_189' title='bbox 758 1688 876 1726; x_wconf 85' lang='lat' dir='ltr'>dicere</span> <span class='ocrx_word' id='word_1_190' title='bbox 902 1694 1086 1739; x_wconf 83' lang='lat' dir='ltr'>coguntur</span> <span class='ocrx_word' id='word_1_191' title='bbox 1113 1688 1378 1725; x_wconf 81' lang='lat' dir='ltr'>adolescentem</span> <span class='ocrx_word' id='word_1_192' title='bbox 1397 1689 1563 1739; x_wconf 83' lang='lat' dir='ltr'>impube-</span> 
     </span>
     <span class='ocr_line' id='line_1_25' title="bbox 179 1735 1561 1788; baseline 0.002 -16"><span class='ocrx_word' id='word_1_193' title='bbox 179 1749 256 1772; x_wconf 81' lang='lat' dir='ltr'>rem</span> <span class='ocrx_word' id='word_1_194' title='bbox 281 1742 407 1785; x_wconf 85' lang='lat' dir='ltr'>sponte</span> <span class='ocrx_word' id='word_1_195' title='bbox 433 1748 499 1772; x_wconf 87' lang='lat' dir='ltr'>sua</span> <span class='ocrx_word' id='word_1_196' title='bbox 524 1735 654 1773; x_wconf 83' lang='lat' dir='ltr'>aedem</span> <span class='ocrx_word' id='word_1_197' title='bbox 680 1739 826 1775; x_wconf 87' lang='lat' dir='ltr'>reficere</span> <span class='ocrx_word' id='word_1_198' title='bbox 846 1740 1026 1788; x_wconf 88' lang='lat' dir='ltr'>potuisse,</span> <span class='ocrx_word' id='word_1_199' title='bbox 1052 1739 1155 1788; x_wconf 84' lang='lat' dir='ltr'>quod</span> <span class='ocrx_word' id='word_1_200' title='bbox 1182 1738 1324 1787; x_wconf 84' lang='lat' dir='ltr'>legibus</span> <span class='ocrx_word' id='word_1_201' title='bbox 1351 1738 1388 1774; x_wconf 92' lang='lat' dir='ltr'>id</span> <span class='ocrx_word' id='word_1_202' title='bbox 1405 1741 1561 1775; x_wconf 82' lang='lat' dir='ltr'>vetitum</span> 
     </span>
     <span class='ocr_line' id='line_1_26' title="bbox 182 1784 1563 1838; baseline 0.001 -15"><span class='ocrx_word' id='word_1_203' title='bbox 182 1795 282 1832; x_wconf 75' lang='lat' dir='ltr'>erat,</span> <span class='ocrx_word' id='word_1_204' title='bbox 310 1797 391 1822; x_wconf 88' lang='lat' dir='ltr'>cum</span> <span class='ocrx_word' id='word_1_205' title='bbox 417 1784 538 1821; x_wconf 79' lang='lat' dir='ltr'>adhuc</span> <span class='ocrx_word' id='word_1_206' title='bbox 564 1793 656 1821; x_wconf 86' lang='lat' dir='ltr'>esset</span> <span class='ocrx_word' id='word_1_207' title='bbox 681 1788 750 1824; x_wconf 89' lang='lat' dir='ltr'>suh</span> <span class='ocrx_word' id='word_1_208' title='bbox 775 1789 902 1824; x_wconf 79' lang='lat' dir='ltr'>tutela.</span> <span class='ocrx_word' id='word_1_209' title='bbox 930 1789 1004 1833; x_wconf 83' lang='lat' dir='ltr'>Qui</span> <span class='ocrx_word' id='word_1_210' title='bbox 1030 1799 1111 1824; x_wconf 82' lang='lat' dir='ltr'>vero</span> <span class='ocrx_word' id='word_1_211' title='bbox 1124 1789 1302 1837; x_wconf 82' lang='lat' dir='ltr'>sexaginta</span> <span class='ocrx_word' id='word_1_212' title='bbox 1322 1789 1563 1838; x_wconf 86' lang='lat' dir='ltr'>interpetran-</span> 
     </span>
     <span class='ocr_line' id='line_1_27' title="bbox 169 1835 1562 1885; baseline 0.002 -13"><span class='ocrx_word' id='word_1_213' title='bbox 169 1841 271 1882; x_wconf 65' lang='lat' dir='ltr'>tur,</span> <span class='ocrx_word' id='word_1_214' title='bbox 298 1836 446 1885; x_wconf 85' lang='lat' dir='ltr'>propius</span> <span class='ocrx_word' id='word_1_215' title='bbox 471 1835 518 1871; x_wconf 82' lang='lat' dir='ltr'>ad</span> <span class='ocrx_word' id='word_1_216' title='bbox 543 1835 730 1874; x_wconf 78' lang='lat' dir='ltr'>veritatem</span> <span class='ocrx_word' id='word_1_217' title='bbox 757 1836 958 1883; x_wconf 83' lang='lat' dir='ltr'>accedunt,</span> <span class='ocrx_word' id='word_1_218' title='bbox 986 1851 1071 1874; x_wconf 91' lang='lat' dir='ltr'>cum</span> <span class='ocrx_word' id='word_1_219' title='bbox 1097 1837 1208 1875; x_wconf 83' lang='lat' dir='ltr'>homo</span> <span class='ocrx_word' id='word_1_220' title='bbox 1234 1836 1323 1873; x_wconf 85' lang='lat' dir='ltr'>liber</span> <span class='ocrx_word' id='word_1_221' title='bbox 1341 1865 1352 1883; x_wconf 85' lang='lat'>,</span> <span class='ocrx_word' id='word_1_222' title='bbox 1379 1845 1415 1874; x_wconf 77' lang='lat' dir='ltr'>et</span> <span class='ocrx_word' id='word_1_223' title='bbox 1441 1841 1562 1875; x_wconf 76' lang='lat' dir='ltr'>numi—</span> 
     </span>
     <span class='ocr_line' id='line_1_28' title="bbox 179 1885 1637 1940; baseline 0.003 -18"><span class='ocrx_word' id='word_1_224' title='bbox 179 1888 219 1922; x_wconf 78' lang='lat' dir='ltr'>ni</span> <span class='ocrx_word' id='word_1_225' title='bbox 246 1885 366 1923; x_wconf 85' lang='lat' dir='ltr'>eidem</span> <span class='ocrx_word' id='word_1_226' title='bbox 392 1885 539 1923; x_wconf 85' lang='lat' dir='ltr'>devotus</span> <span class='ocrx_word' id='word_1_227' title='bbox 564 1885 681 1922; x_wconf 84' lang='lat' dir='ltr'>facere</span> <span class='ocrx_word' id='word_1_228' title='bbox 707 1886 876 1936; x_wconf 87' lang='lat' dir='ltr'>potuerit.</span> <span class='ocrx_word' id='word_1_229' title='bbox 902 1888 981 1924; x_wconf 81' lang='lat' dir='ltr'>Nec</span> <span class='ocrx_word' id='word_1_230' title='bbox 1008 1900 1092 1925; x_wconf 83' lang='lat' dir='ltr'>vero</span> <span class='ocrx_word' id='word_1_231' title='bbox 1118 1887 1235 1925; x_wconf 83' lang='lat' dir='ltr'>obstat</span> <span class='ocrx_word' id='word_1_232' title='bbox 1260 1886 1351 1936; x_wconf 86' lang='lat' dir='ltr'>lapis</span> <span class='ocrx_word' id='word_1_233' title='bbox 1368 1916 1379 1933; x_wconf 86' lang='lat'>‚</span> <span class='ocrx_word' id='word_1_234' title='bbox 1415 1889 1451 1924; x_wconf 89' lang='lat' dir='ltr'>in</span> <span class='ocrx_word' id='word_1_235' title='bbox 1487 1903 1560 1940; x_wconf 55' lang='lat' dir='ltr'>quo</span> <span class='ocrx_word' id='word_1_236' title='bbox 1633 1930 1637 1934; x_wconf 90' lang='lat'>.</span> 
     </span>
     <span class='ocr_line' id='line_1_29' title="bbox 183 1937 1559 1988; baseline 0.002 -16"><span class='ocrx_word' id='word_1_237' title='bbox 183 1937 316 1986; x_wconf 80' lang='lat' dir='ltr'>legitur</span> <span class='ocrx_word' id='word_1_238' title='bbox 341 1949 442 1975; x_wconf 72' lang='lat' dir='ltr'>sexs.</span> <span class='ocrx_word' id='word_1_239' title='bbox 471 1948 589 1985; x_wconf 87' lang='lat' dir='ltr'>quum</span> <span class='ocrx_word' id='word_1_240' title='bbox 616 1943 754 1973; x_wconf 84' lang='lat' dir='ltr'>veteres</span> <span class='ocrx_word' id='word_1_241' title='bbox 778 1937 985 1986; x_wconf 86' lang='lat' dir='ltr'>saepissime</span> <span class='ocrx_word' id='word_1_242' title='bbox 1013 1938 1215 1975; x_wconf 85' lang='lat' dir='ltr'>scribebant</span> <span class='ocrx_word' id='word_1_243' title='bbox 1240 1941 1456 1987; x_wconf 69' lang='lat' dir='ltr'>sexsaginta</span> <span class='ocrx_word' id='word_1_244' title='bbox 1496 1953 1559 1988; x_wconf 86' lang='lat' dir='ltr'>pro</span> 
     </span>
     <span class='ocr_line' id='line_1_30' title="bbox 182 1985 1560 2039; baseline 0.001 -15"><span class='ocrx_word' id='word_1_245' title='bbox 182 1987 368 2037; x_wconf 81' lang='lat' dir='ltr'>sexaginta</span> <span class='ocrx_word' id='word_1_246' title='bbox 386 2014 397 2032; x_wconf 86' lang='lat'><em>‚</em></span> <span class='ocrx_word' id='word_1_247' title='bbox 424 1996 460 2023; x_wconf 87' lang='lat' dir='ltr'>et</span> <span class='ocrx_word' id='word_1_248' title='bbox 485 1985 692 2023; x_wconf 77' lang='lat' dir='ltr'>sexsdecim</span> <span class='ocrx_word' id='word_1_249' title='bbox 717 1993 760 2024; x_wconf 85' lang='lat' dir='ltr'>ut</span> <span class='ocrx_word' id='word_1_250' title='bbox 786 1987 909 2024; x_wconf 88' lang='lat' dir='ltr'>videre</span> <span class='ocrx_word' id='word_1_251' title='bbox 936 1994 988 2025; x_wconf 84' lang='lat' dir='ltr'>est</span> <span class='ocrx_word' id='word_1_252' title='bbox 1014 1988 1051 2024; x_wconf 88' lang='lat' dir='ltr'>in</span> <span class='ocrx_word' id='word_1_253' title='bbox 1078 1988 1243 2039; x_wconf 86' lang='lat' dir='ltr'>pluribus</span> <span class='ocrx_word' id='word_1_254' title='bbox 1258 1988 1443 2038; x_wconf 85' lang='lat' dir='ltr'>lapidibus</span> <span class='ocrx_word' id='word_1_255' title='bbox 1463 1990 1560 2039; x_wconf 81' lang='lat' dir='ltr'>apud</span> 
     </span>
     <span class='ocr_line' id='line_1_31' title="bbox 178 2037 1376 2089; baseline 0 -14"><span class='ocrx_word' id='word_1_256' title='bbox 178 2038 376 2076; x_wconf 82' lang='lat' dir='ltr'>Gruterum</span> <span class='ocrx_word' id='word_1_257' title='bbox 398 2065 410 2083; x_wconf 83' lang='lat'>,</span> <span class='ocrx_word' id='word_1_258' title='bbox 436 2037 677 2074; x_wconf 68' lang='lat' dir='ltr'>Mutatur-ium</span> <span class='ocrx_word' id='word_1_259' title='bbox 695 2064 710 2084; x_wconf 86' lang='lat'><strong>‚</strong></span> <span class='ocrx_word' id='word_1_260' title='bbox 734 2046 772 2074; x_wconf 85' lang='lat' dir='ltr'>et</span> <span class='ocrx_word' id='word_1_261' title='bbox 796 2037 894 2088; x_wconf 74' lang='lat' dir='ltr'>apud</span> <span class='ocrx_word' id='word_1_262' title='bbox 919 2038 1116 2075; x_wconf 73' lang='lat' dir='ltr'>Cellarium</span> <span class='ocrx_word' id='word_1_263' title='bbox 1144 2039 1181 2074; x_wconf 89' lang='lat' dir='ltr'>in</span> <span class='ocrx_word' id='word_1_264' title='bbox 1209 2037 1376 2089; x_wconf 82' lang='lat' dir='ltr'>Orthogr,</span> 
     </span>
    </p>

    <p class='ocr_par' dir='ltr' id='par_1_8' title="bbox 183 2087 1551 2190">
     <span class='ocr_line' id='line_1_32' title="bbox 280 2087 1551 2141; baseline 0.002 -16"><span class='ocrx_word' id='word_1_265' title='bbox 280 2088 352 2125; x_wconf 88' lang='lat' dir='ltr'>Alii</span> <span class='ocrx_word' id='word_1_266' title='bbox 379 2087 529 2138; x_wconf 82' lang='lat' dir='ltr'>quidam</span> <span class='ocrx_word' id='word_1_267' title='bbox 556 2088 734 2136; x_wconf 77' lang='lat' dir='ltr'>credunt,</span> <span class='ocrx_word' id='word_1_268' title='bbox 762 2089 860 2127; x_wconf 89' lang='lat' dir='ltr'>hunc</span> <span class='ocrx_word' id='word_1_269' title='bbox 885 2089 1082 2140; x_wconf 84' lang='lat' dir='ltr'>Popidium</span> <span class='ocrx_word' id='word_1_270' title='bbox 1124 2089 1311 2126; x_wconf 84' lang='lat' dir='ltr'>Celsinum</span> <span class='ocrx_word' id='word_1_271' title='bbox 1338 2103 1462 2141; x_wconf 85' lang='lat' dir='ltr'>reapse</span> <span class='ocrx_word' id='word_1_272' title='bbox 1489 2104 1551 2128; x_wconf 89' lang='lat' dir='ltr'>an-</span> 
     </span>
     <span class='ocr_line' id='line_1_33' title="bbox 183 2139 1549 2190; baseline 0.001 -13"><span class='ocrx_word' id='word_1_273' title='bbox 183 2151 313 2179; x_wconf 86' lang='lat' dir='ltr'>norum</span> <span class='ocrx_word' id='word_1_274' title='bbox 339 2139 527 2176; x_wconf 75' lang='lat' dir='ltr'>sexdecim</span> <span class='ocrx_word' id='word_1_275' title='bbox 551 2150 627 2177; x_wconf 79' lang='lat' dir='ltr'>esse</span> <span class='ocrx_word' id='word_1_276' title='bbox 653 2141 836 2190; x_wconf 87' lang='lat' dir='ltr'>potuisse,</span> <span class='ocrx_word' id='word_1_277' title='bbox 865 2147 901 2177; x_wconf 84' lang='lat' dir='ltr'>et</span> <span class='ocrx_word' id='word_1_278' title='bbox 925 2141 963 2177; x_wconf 88' lang='lat' dir='ltr'>in</span> <span class='ocrx_word' id='word_1_279' title='bbox 989 2141 1235 2178; x_wconf 80' lang='lat' dir='ltr'>Decurionum</span> <span class='ocrx_word' id='word_1_280' title='bbox 1256 2141 1419 2183; x_wconf 71' lang='lat' dir='ltr'>ordimem</span> <span class='ocrx_word' id='word_1_281' title='bbox 1450 2142 1549 2178; x_wconf 60' lang='lat' dir='ltr'>adler</span> 
     </span>
    </p>

    <p class='ocr_par' dir='ltr' id='par_1_9' title="bbox 162 2189 1549 2293">
     <span class='ocr_line' id='line_1_34' title="bbox 162 2189 1549 2243; baseline 0.001 -17"><span class='ocrx_word' id='word_1_282' title='bbox 162 2196 295 2226; x_wconf 82' lang='lat' dir='ltr'>·ctum.</span> <span class='ocrx_word' id='word_1_283' title='bbox 318 2189 398 2226; x_wconf 91' lang='lat' dir='ltr'>Hoc</span> <span class='ocrx_word' id='word_1_284' title='bbox 424 2203 471 2228; x_wconf 86' lang='lat' dir='ltr'>ex</span> <span class='ocrx_word' id='word_1_285' title='bbox 496 2189 575 2226; x_wconf 83' lang='lat' dir='ltr'>aliis</span> <span class='ocrx_word' id='word_1_286' title='bbox 601 2191 896 2241; x_wconf 84' lang='lat' dir='ltr'>inscriptionibus</span> <span class='ocrx_word' id='word_1_287' title='bbox 923 2198 1043 2241; x_wconf 83' lang='lat' dir='ltr'>aperte</span> <span class='ocrx_word' id='word_1_288' title='bbox 1070 2192 1278 2242; x_wconf 80' lang='lat' dir='ltr'>colligitur,</span> <span class='ocrx_word' id='word_1_289' title='bbox 1305 2199 1340 2229; x_wconf 87' lang='lat' dir='ltr'>et</span> <span class='ocrx_word' id='word_1_290' title='bbox 1355 2193 1549 2243; x_wconf 77' lang='lat' dir='ltr'>praecipue</span> 
     </span>
     <span class='ocr_line' id='line_1_35' title="bbox 184 2241 1547 2293; baseline 0.001 -17"><span class='ocrx_word' id='word_1_291' title='bbox 184 2252 229 2276; x_wconf 70' lang='lat' dir='ltr'>cx</span> <span class='ocrx_word' id='word_1_292' title='bbox 256 2251 329 2275; x_wconf 88' lang='lat' dir='ltr'>una</span> <span class='ocrx_word' id='word_1_293' title='bbox 356 2253 450 2290; x_wconf 86' lang='lat' dir='ltr'>quae</span> <span class='ocrx_word' id='word_1_294' title='bbox 475 2241 599 2291; x_wconf 88' lang='lat' dir='ltr'>paucis</span> <span class='ocrx_word' id='word_1_295' title='bbox 625 2241 756 2279; x_wconf 85' lang='lat' dir='ltr'>abhinc</span> <span class='ocrx_word' id='word_1_296' title='bbox 783 2242 887 2279; x_wconf 89' lang='lat' dir='ltr'>annis</span> <span class='ocrx_word' id='word_1_297' title='bbox 913 2243 984 2280; x_wconf 86' lang='lat' dir='ltr'>fuit</span> <span class='ocrx_word' id='word_1_298' title='bbox 1010 2253 1149 2293; x_wconf 86' lang='lat' dir='ltr'>reperta</span> <span class='ocrx_word' id='word_1_299' title='bbox 1179 2244 1276 2290; x_wconf 83' lang='lat' dir='ltr'>apud</span> <span class='ocrx_word' id='word_1_300' title='bbox 1301 2245 1481 2281; x_wconf 86' lang='lat' dir='ltr'>Misenum</span> <span class='ocrx_word' id='word_1_301' title='bbox 1509 2244 1547 2278; x_wconf 86' lang='lat' dir='ltr'>in</span> 
     </span>
    </p>
   </div>
   <div class='ocr_carea' id='block_1_7' title="bbox 184 2289 1561 2372">
    <p class='ocr_par' dir='ltr' id='par_1_10' title="bbox 184 2289 1561 2372">
     <span class='ocr_line' id='line_1_36' title="bbox 184 2289 1561 2372; baseline -0.008 -32"><span class='ocrx_word' id='word_1_302' title='bbox 184 2290 220 2326; x_wconf 53' lang='lat'>‘³²²¹</span> <span class='ocrx_word' id='word_1_303' title='bbox 238 2289 394 2340; x_wconf 66' lang='lat' dir='ltr'>‘1¹²0de</span> <span class='ocrx_word' id='word_1_304' title='bbox 411 2290 615 2346; x_wconf 63' lang='lat' dir='ltr'><strong>⁵2Pffl0h102</strong></span> <span class='ocrx_word' id='word_1_305' title='bbox 636 2305 802 2346; x_wconf 70' lang='lat' dir='ltr'>quaeque</span> <span class='ocrx_word' id='word_1_306' title='bbox 820 2306 919 2339; x_wconf 69' lang='lat' dir='ltr'>nunc</span> <span class='ocrx_word' id='word_1_307' title='bbox 945 2301 1107 2337; x_wconf 64' lang='lat' dir='ltr'>servatur</span> <span class='ocrx_word' id='word_1_308' title='bbox 1125 2296 1162 2335; x_wconf 89' lang='lat' dir='ltr'>in</span> <span class='ocrx_word' id='word_1_309' title='bbox 1180 2296 1306 2372; x_wconf 47' lang='lat' dir='ltr'>Mauseo</span> <span class='ocrx_word' id='word_1_310' title='bbox 1321 2294 1490 2337; x_wconf 61' lang='lat' dir='ltr'>C1010rii,</span> <span class='ocrx_word' id='word_1_311' title='bbox 1506 2289 1561 2330; x_wconf 75' lang='lat' dir='ltr'>Ex</span> 
     </span>
    </p>
   </div>
  </div>
 </body>
</html>
