1920 2579
407 132 491 177 116
927 160 931 163 -
1092 176 1095 177 ⁷

404 190 662 232 immanium
681 189 920 232 belluarum
936 220 949 240 ,
953 190 1242 248 ferarumque
1256 190 1447 231 membra
1455 189 1768 248 praegrandia,

401 263 514 307 quae
547 247 746 289 dicuntur
773 249 995 306 gigantum
1032 245 1098 305 (1)
1137 262 1239 289 ossa
1259 282 1274 302 ‚
1312 257 1353 288 et
1388 263 1514 289 arma
1544 250 1735 290 heroum.

519 304 706 347 Tiberius
736 305 963 363 Imperator
993 316 1272 361 postea.prae
1305 306 1443 347 ceteris
1487 306 1589 348 adeo
1639 307 1770 349 insula

401 364 483 406 fuit
512 373 656 419 captus
674 395 686 416 ‚
720 374 767 405 ut
797 364 908 414 illam
938 378 1102 406 suarum
1134 363 1484 420 impudicitiarum
1534 364 1670 406 sedem
1699 363 1766 407 de-

400 420 594 472 stinarit,
627 422 765 478 ibique
796 421 1016 464 duodecim
1046 421 1158 466 villas
1178 453 1189 475 ,
1221 422 1359 464 hortos
1378 453 1391 473 ,
1423 422 1565 463 balnea
1585 458 1598 475 ‚
1632 431 1671 463 et
1703 436 1767 464 ae-

402 477 536 521 dificia
568 479 691 520 etiam
724 480 1005 523 construxerit.
1040 482 1204 522 Tacitus
1238 480 1384 523 Annal.
1433 480 1501 522 lib.
1537 482 1610 522 VI.
1643 495 1677 523 c.
1704 481 1767 534 67

401 552 499 592 prae
528 539 669 578 ceteris
701 539 756 578 sic
788 553 873 578 eam
905 538 1076 578 insulam
1096 548 1164 587 ‚et
1193 538 1344 578 Tiberii
1380 538 1600 591 voluptates
1625 538 1769 578 deseri-

404 595 496 636 bit:
534 599 724 650 Capreas
758 611 807 636 se
843 597 886 637 in
922 598 1109 637 insulam
1141 595 1303 636 abdidit
1329 595 1400 635 HI.
1437 597 1615 636 millium
1642 598 1768 647 freto

404 654 459 693 ab
498 659 708 695 extremis
741 653 985 694 Surrentini
1005 653 1290 708 promontorii
1317 653 1586 694 disiunctum.
1612 654 1763 694 Solz'tu-
1799 686 1802 687 γ

404 711 550 751 dinem
587 711 680 751 eius
709 713 934 765 placuisse
975 710 1169 751 maxime
1218 709 1507 761 crediderim,
1565 709 1767 767 quonium

400 774 713 823 importuosum
753 769 873 810 circa
911 783 1051 817 mare,
1073 780 1112 808 ec
1148 767 1220 809 vix
1240 768 1421 809 modicis
1458 769 1645 824 navigiis
1657 783 1766 822 pctu-

406 840 459 866 ca
497 825 688 866 subsidia
713 841 731 866 :⁴
764 840 903 884 neque
928 825 1140 881 appulerit
1156 826 1380 883 quisquam
1416 825 1502 866 nisi
1538 841 1677 882 gnaro
1697 840 1767 868 cu-

407 882 542 925 stode.
581 883 700 925 Coeli
737 887 964 938 temperies
1001 884 1140 924 hieme
1182 885 1324 935 mitis,
1360 885 1525 925 obiectu
1560 885 1717 925 moritis
1754 915 1767 936 ‚

405 955 489 998 quo
525 955 658 985 saeva
693 951 912 985 ventorum
950 950 1166 984 arcentur.
1196 941 1347 983 ‘fiscus
1384 947 1426 983 in
1448 943 1680 992 favonium
1701 942 1770 981 ob-

404 1013 528 1040 versa
551 1029 562 1051 ,
601 1009 642 1040 et
677 1008 826 1055 aperto
861 1000 1025 1041 circum
1055 1001 1218 1056 pelago
1249 1015 1520 1055 per-amoena
1544 1015 1554 1051 3
1582 1014 1766 1054 prospe-

402 1058 627 1113 ctabatque
660 1058 1001 1113 pulcherrimum
1045 1062 1216 1107 sinum,
1272 1067 1502 1115 autequam
1541 1057 1763 1098 Vesuvius

400 1128 526 1154 mons
557 1115 849 1156 exardescens
865 1116 1037 1166 faciem
1073 1116 1163 1155 loci
1190 1125 1387 1156 verteret.
1437 1120 1637 1156 Graecos
1687 1116 1765 1156 eos·

403 1172 589 1212 tenuisse
608 1202 620 1221 ‚
656 1173 935 1229 Capreasque
972 1173 1203 1214 leelebois·
1227 1174 1436 1214 habitatas
1462 1175 1598 1224 fama
1619 1173 1761 1214 tradi?-

395 1229 473 1269 Hie
503 1228 726 1285 imperator
755 1239 864 1270 tanta
897 1230 997 1271 coeli
1030 1232 1270 1286 temperie,>
1303 1241 1342 1270 et
1389 1230 1633 1271 amoenitate
1682 1230 1761 1270 fuit

397 1297 567 1342 captus,
612 1299 657 1328 ut
689 1287 1020 1343 illamdperdite,
1056 1297 1095 1328 et
1125 1287 1176 1328 ad
1208 1289 1402 1329 insaniem
1436 1303 1563 1344 usque
1599 1287 1765 1329 adama-

399 1346 486 1394 rit,
525 1354 563 1384 et
593 1345 682 1386 heic
712 1356 872 1387 tantum
905 1346 1028 1398 auri,
1073 1356 1111 1387 et
1143 1345 1582 1401 argentiprofuderit,
1636 1356 1681 1386 ut
1711 1346 1762 1387 ad

401 1401 606 1443 Romanae
640 1403 853 1446 maiestatis
885 1402 1046 1443 culmen
1077 1405 1304 1449 reduxerit:
1339 1403 1432 1444 inde
1465 1403 1600 1445 sedem
1629 1401 1760 1444 libidi-

401 1474 501 1500 num
534 1460 590 1501 ibi
622 1460 737 1515 fixit,
770 1459 829 1501 uti
859 1460 978 1502 docet
1007 1460 1300 1518 Tranquillus,
1333 1461 1471 1518 ibique
1502 1462 1629 1518 ipsius
1663 1461 1759 1503 hor-

404 1517 531 1558 renda
562 1530 697 1560 narrat
723 1517 877 1576 probra
908 1533 1028 1575 super
1057 1519 1131 1561 hac
1161 1520 1291 1560 insula
1323 1530 1492 1572 patrata.
1530 1543 1532 1545 >

512 1575 666 1632 Captus
701 1587 796 1632 e'rgo
827 1576 981 1618 insulae
1011 1578 1279 1629 amoenitate,
1304 1577 1412 1618 illam
1444 1579 1611 1633 petivit,
1634 1593 1763 1634 eoque

393 1630 534 1675 Elium
566 1635 757 1677 Seianum
779 1666 792 1685 ‚
823 1636 895 1691 qui
925 1635 1089 1692 Imperii
1121 1650 1324 1677 summam
1355 1634 1565 1677 obtinebat
1584 1668 1598 1687 ,
1636 1636 1761 1677 advo-

391 1691 516 1741 cavit,
544 1707 702 1735 necnon
732 1703 772 1734 et
807 1693 1025 1734 Cocceium
1055 1692 1232 1734 Nervam
1251 1694 1581 1735 iurisconsultum
1599 1726 1611 1744 ,
1644 1694 1758 1735 alios-

393 1764 506 1804 que,
558 1761 597 1792 et
627 1751 874 1807 astrologum
920 1750 1137 1792 Trasillum
1172 1781 1185 1800 ,
1233 1753 1347 1793 cuius
1393 1750 1508 1802 fide,
1557 1767 1760 1809 operaque

392 1807 520 1848 multa
553 1809 769 1863 patrabat,
801 1808 904 1851 dum
934 1808 1052 1849 Livia
1087 1819 1213 1850 mater
1244 1811 1398 1851 Romae
1446 1825 1520 1865 pro
1577 1810 1662 1852 filio
1689 1825 1763 1865 gu-

391 1862 597 1908 bernabat.
630 1867 762 1909 Causa
792 1881 888 1908 vero
908 1897 923 1918 ,
959 1865 1012 1907 ob
1044 1882 1169 1923 quam
1199 1867 1384 1909 Tiberius
1416 1881 1438 1908 e
1467 1868 1598 1911 Roma
1630 1883 1758 1908 exces-

390 1921 472 1974 sit,
508 1923 766 1983 Capreasque
794 1924 979 1978 secessit,
1012 1925 1091 1967 fuit
1122 1925 1188 1967 illa
1218 1925 1384 1983 quidem
1403 1942 1415 1979 ·,
1436 1941 1505 1969 seu
1538 1936 1584 1967 ut
1615 1925 1757 1967 melius

495 2085 552 2134 (1)
578 2087 678 2126 Haec
705 2088 911 2139 Tranquilli
939 2089 1117 2126 enarratio
1142 2102 1216 2127 non
1242 2089 1391 2127 aliunde
1424 2098 1543 2127 exorta
1572 2089 1725 2133 videtur*
1742 2128 1757 2146 v

395 2144 506 2189 quam
534 2146 578 2172 ex
604 2151 677 2188 quo
704 2138 882 2175 creditum
909 2145 961 2174 est
988 2139 1076 2176 olim
1103 2141 1140 2175 in
1152 2139 1289 2189 camp-is
1315 2140 1518 2189 Phlegraeis
1544 2141 1580 2176 in
1603 2140 1756 2189 Campa-

398 2195 457 2219 ma
486 2198 597 2235 prope
624 2187 795 2225 Puteolos
812 2215 823 2233 ,
849 2194 894 2225 ut
919 2195 1002 2225 ante
1028 2188 1184 2230 diximus
1222 2203 1257 2228 c.
1293 2202 1337 2228 10
1362 2189 1472 2226 huius
1497 2189 1594 2235 libri,
1623 2190 1749 2239 gigan-

399 2236 454 2287 tes
481 2235 638 2274 extitisse
665 2238 709 2274 ab
733 2237 889 2276 Hercule
914 2237 1134 2286 debellatos,
1169 2240 1213 2279 de
1257 2240 1392 2292 quibus
1419 2250 1538 2277 narrat
1565 2239 1750 2279 Diodorus

399 2279 548 2324 S1cu1us
575 2288 643 2336 lib²
668 2289 717 2335 Yg
744 2289 876 2339 Geogr.
