1920 2579
307 129 335 156 a
355 129 394 156 'o

310 132 394 213 :iilis
428 167 525 210 loc-is
558 167 748 212 collectos
780 166 941 219 thesau
926 179 995 216 :0‘5
1023 202 1042 228 >⁴
1068 186 1104 215 et
1135 176 1215 217 110(-
1261 190 1377 216 vere
1401 175 1567 231 Regium
1615 188 1695 224 tei-

310 246 449 271 latum
482 229 592 269 OlblS
626 229 811 282 primum
838 226 1044 276 ffluseum
1066 234 1343 289 locupletavst

426 289 486 331 lta
524 296 749 337 consutum
724 305 930 348 ,alregn07
960 303 1000 333 et
1033 293 1134 335 urbe
1165 295 1238 333 hac
1286 293 1536 335 nobilissima
1586 297 1691 337 Nea.

306 346 389 404 poli
424 361 494 401 per
526 346 758 394 ssOsllonios
787 351 919 408 Reges
942 382 953 403 ,
987 366 1146 394 necnon
1193 351 1394 406 Ephebeis
1443 352 1655 394 maritimis
1676 386 1686 406 ,

308 416 346 446 et
377 402 554 449 militar'¹
532 422 624 450 nus
644 439 659 461 ,
694 409 863 466 aliisque
893 411 1084 466 operibus
1132 410 1335 466 publicis,
1369 421 1412 453 et
1460 411 1530 451 viis
1577 413 1691 453 novis

307 474 455 520 apem
501 482 631 523 prope
680 466 856 523 urbem,
894 480 933 509 et
966 485 1037 525 per
1080 469 1341 524 provincias,
1396 471 1692 512 commercium

305 526 432 580 magis
465 525 542 566 fuit
574 537 815 579 extensum,
849 543 927 584 qua
963 527 1172 570 montibus
1224 529 1463 583 perforatis,
1505 543 1583 584 qua
1625 543 1689 569 ae.-

304 585 472 642 quatis,
506 594 549 624 ut
580 584 633 625 ad
682 585 827 633 urbem
867 586 1084 652 Neapolim
1130 588 1420 640 commodius,
1475 596 1514 627 et
1562 589 1689 630 tutius

306 642 574 700 provinciales
613 645 822 699 pervenire
853 655 1016 700 possent
1047 644 1169 688 civ.es

426 700 540 753 Quid
574 716 668 742 vero
701 701 834 742 dicam
868 702 917 742 de
951 701 1169 743 hodiernae
1199 701 1312 747 urbis
1344 689 1623 758 ptiblicarum,
1650 715 1689 745 et

309 760 560 817 privatarum
594 759 757 801 aedium
791 760 1071 816 frequentia,
1082 771 1120 800 et
1153 761 1470 815 magnitudine?
1506 775 1550 801 ea
1599 763 1690 817 qui·

310 820 405 860 dem
437 816 537 859 adeo
573 819 747 859 excrevit
776 850 790 870 ,
834 830 878 859 ut
909 821 1054 864 ultima
1091 818 1202 860 urbis
1246 820 1452 875 ampliatio
1481 835 1501 860 a
1536 820 1691 860 Ferdi-

309 874 447 918 nando
481 875 512 916 l.
546 877 752 931 Aragonio
786 877 929 918 effecta
971 877 1080 919 haud
1124 876 1296 944 amplius
1319 879 1473 919 civium
1506 878 1692 918 multitu-

306 937 446 978 dinem
478 934 688 976 continere
743 936 951 994 potuerit.
983 948 1023 978 et
1059 937 1230 978 recentia
1276 936 1468 981 suburbia
1524 937 1695 978 sortasse

306 993 501 1040 maiorem
546 994 726 1036 habeant
769 993 911 1050 populi
957 995 1241 1051 frequentiam.
1298 997 1407 1036 Hinc
1458 1005 1598 1051 portae
1642 994 1692 1035 ab

304 1053 510 1106 Aragonio
546 1052 653 1108 Rege
687 1053 885 1094 excitatae
916 1069 1074 1094 eversae
1104 1053 1271 1095 fuerunt
1292 1064 1448 1109 praeter
1466 1054 1686 1118 Nolanam,

303 1123 343 1154 et
379 1111 664 1168 Campanamj
713 1121 753 1153 et
785 1111 882 1152 urbs
941 1111 1138 1153 hodierna
1171 1112 1280 1151 nulla
1314 1111 1432 1151 hauet
1479 1111 1639 1154 moenia
1679 1143 1691 1162 ,

300 1181 460 1227 praeter
492 1171 555 1211 illa
589 1184 693 1228 quae
742 1179 895 1214 restant
941 1171 1046 1210 intra
1079 1169 1222 1211 urbem
1256 1169 1308 1210 ad
1356 1168 1515 1211 nullutn
1565 1170 1693 1210 alium

302 1245 438 1271 usum.
473 1229 584 1279 Vrbs
619 1243 757 1272 recens
789 1239 869 1268 tres
901 1229 1021 1270 habet
1056 1228 1295 1283 praecipuos
1338 1228 1551 1282 ingressus.
1606 1228 1690 1268 Pri·

300 1304 392 1331 mus
428 1299 485 1328 est
519 1287 583 1330 ille
614 1287 756 1328 Pontis
796 1287 1060 1342 magdalenae
1096 1301 1220 1342 supra
1273 1284 1518 1327 hodiernum
1571 1286 1691 1330 Sebes

300 1348 446 1387 thum:
470 1347 533 1386 hic
569 1347 768 1401 ingressus
798 1344 846 1386 ad
881 1347 1078 1387 orientem
1108 1346 1392 1391 communicat
1422 1359 1517 1384 cum
1541 1344 1688 1386 subur-

299 1405 369 1446 bio
400 1405 436 1446 S.
472 1406 639 1450 onnuis
669 1421 691 1445 a
723 1404 935 1458 Teducio‚
968 1416 1005 1446 et
1039 1404 1133 1445 hinc
1166 1419 1260 1447 cum
1296 1405 1393 1444 vicis
1425 1401 1648 1443 Porticensi
1673 1434 1685 1454 ,

300 1464 539 1517 Retinensi,
577 1473 616 1504 et
648 1463 850 1505 Turribus
886 1466 1068 1515 Octava,
1110 1473 1149 1503 et
1199 1463 1268 1505 SS.
1306 1461 1576 1504 Adnuntiata.
1625 1463 1686 1502 Ex

300 1523 374 1562 hac
407 1536 518 1579 parte
550 1522 625 1563 iter
658 1532 716 1563 est
747 1522 798 1563 ad
829 1522 1033 1564 Calabros
1068 1520 1184 1565 Alter
1218 1523 1418 1577 ingressus
1452 1520 1503 1561 ad
1537 1519 1689 1561 urbem

302 1592 359 1620 est
389 1597 459 1636 per
491 1581 743 1635 Campanam
801 1592 996 1638 portam,
1051 1596 1154 1636 quae
1209 1591 1332 1621 restat
1380 1579 1514 1618 adhuc
1547 1608 1559 1626 ,
1604 1591 1686 1633 qua

300 1639 385 1679 itur
418 1654 458 1678 111
492 1639 698 1693 Apuliam.
733 1639 860 1679 Extra
897 1641 1000 1679 hanc
1037 1640 1103 1680 ubi
1139 1652 1247 1677 nunc
1283 1636 1434 1678 dicitur
1465 1645 1599 1690 ponte
1632 1636 1679 1682 (Ζὶ

302 1697 415 1737 Casa
475 1696 639 1747 Nova,
674 1697 879 1738 invenitur
929 1696 1096 1737 milliare
1150 1710 1353 1745 aureum,
1395 1705 1433 1733 et
1482 1695 1576 1733 hinc
1618 1697 1682 1734 via

301 1756 585 1795 amoenissima
642 1754 824 1794 fontibus
875 1754 1142 1803 salientibus,
1179 1763 1217 1792 et
1257 1751 1469 1794 arboribus
1522 1752 1686 1794 consitis

302 1813 350 1854 ab
388 1824 560 1869 utroque
595 1811 719 1852 latere
752 1827 880 1868 usque
916 1812 965 1853 ad
1003 1813 1174 1853 Ioannae
1193 1811 1365 1866 Reginae
1383 1809 1549 1852 diritum
1570 1825 1685 1865 prae-

302 1873 466 1912 torium.
502 1870 667 1912 Tertius
709 1871 907 1925 ingressus
954 1881 1012 1912 est
1048 1886 1120 1926 per
1155 1871 1324 1923 Refriurn
1366 1883 1589 1926 pauperum
1611 1869 1682 1908 ho-

303 1930 469 1984 spitium
511 1943 640 1985 prope
680 1927 814 1994 Caput
861 1930 994 1983 Clivi,
1043 1928 1337 1985 Capoclzclzino
1362 1957 1374 1978 ,
1421 1937 1460 1969 et
1501 1925 1595 1967 inde
1633 1925 1683 1967 ad

303 1988 525 2043 Aprutium
568 1989 822 2042 pervenitur.

423 2045 534 2086 Vrbs
568 2043 768 2094 dividitur
817 2048 858 2087 in
891 2046 1206 2101 praesentiarum
1241 2045 1282 2084 in
1314 2043 1409 2085 XII.
1452 2043 1638 2100 regiones
1669 2075 1681 2096 ‚

302 2117 371 2146 teu
405 2104 647 2158 quar-lieri,
688 2103 895 2159 habetque
927 2113 1105 2158 quatuor
1146 2117 1288 2155 magna
1323 2102 1551 2157 suburbia·
1570 2117 1681 2142 nem-

301 2177 355 2218 pe
386 2161 424 2201 S.
460 2162 632 2204 Antonii
669 2160 840 2202 Abbatis
870 2160 919 2202 ab
951 2161 1128 2202 Ecclesia
1161 2161 1255 2202 huic
1287 2161 1394 2202 Divo
1416 2160 1542 2201 dicata
1569 2176 1577 2200 :
1602 2160 1680 2201 hoc

306 2217 545 2261 suburbium
584 2230 642 2261 est
672 2230 779 2260 extra
812 2230 972 2277 portam
995 2220 1267 2276 Campanam.
1293 2218 1418 2260 Aliud
1435 2207 1679 2262 suburbium

307 2289 363 2320 est
396 2279 437 2322 S.
470 2279 622 2324 Mariae
656 2278 857 2330 Lauren,
895 2279 1014 2333 vulgo
1046 2279 1269 2336 Sobborgo
1304 2277 1352 2320 di
1384 2278 1427 2321 S.
1465 2277 1612 2320 Marta
1631 2275 1679 2327 di
