1920 2579
611 223 976 283 CAPUT
1053 224 1115 278 V..

179 384 245 423 De
282 380 471 431 Theatro,
491 376 698 433 Templis,
736 373 936 418 Catabolo
960 405 972 424 ,
1002 375 1091 416 ludo
1113 369 1385 421 Gladiatoria,
1419 371 1552 422 Circo,

236 441 449 497 Gymnas-io
468 468 479 489 ‚
518 438 698 478 Thermis·
717 465 729 485 ‚
760 436 809 476 de
840 437 944 476 Foro
964 433 1145 488 Seplasio
1167 463 1180 482 ,
1211 429 1468 486 Albanoqu63
1503 431 1553 471 de

237 499 355 539 variis
387 496 563 545 vicibu53
590 497 639 536 de
681 493 903 535 Christiana
939 494 1176 547 Religionis,
1212 492 1264 531 de
1301 493 1458 534 vetustis
1481 487 1555 530 Ca-

232 571 342 612 puae
372 559 566 608 nummis,
605 555 771 609 aliisque
805 556 1078 594 monumentis.

289 690 515 744 Postquam
554 686 603 728 de
636 684 895 742 amphiteatri
933 682 1136 742 Campani
1180 682 1394 725 maiestate
1418 712 1431 732 ,
1479 678 1551 723 dei

189 764 268 805 que
301 746 491 787 omnibus
527 758 629 801 quae
663 744 715 785 ad
761 743 864 784 illud
897 752 1169 799 spectarunt,
1220 740 1401 784 breviter
1449 736 1553 782 dixi·

191 820 311 857 2-nus,
345 818 456 845 nunc
486 810 706 860 antequam
743 800 794 842 ad
826 799 925 842 alias
963 801 1083 842 urbes
1115 797 1400 842 describendas
1433 812 1552 842 acce·

204 865 363 913 lamus,
401 862 459 901 rei
501 861 604 901 ratio
635 860 843 915 postulat,
876 867 921 899 ut
953 858 1138 913 primum
1173 866 1313 899 cetera
1350 855 1518 915 antiqua
1541 885 1555 906 ,

190 934 292 976 Quae
335 925 488 959 restant
532 917 645 958 urbis
690 914 1091 966 aedificia‚lectoris
1129 914 1183 954 ob
1202 915 1347 957 oculos
1395 928 1550 971 propo-

193 989 336 1018 1amus.
363 1014 374 1019 ..

290 1032 524 1088 Campanos
555 1028 663 1072 ludis
694 1028 1015 1072 studiosissimos
1054 1030 1175 1072 fuisse
1207 1029 1419 1088 quondam
1453 1039 1548 1073 ante

182 1092 366 1134 iiximus.
401 1090 458 1131 Hi
491 1088 603 1132 enim
648 1089 761 1131 fuere
798 1086 991 1130 delectati
1041 1090 1280 1146 praesertim
1326 1088 1376 1132 de
1423 1088 1547 1132 rebus

174 1148 475 1192 theatralibus:
515 1147 614 1191 hino
652 1148 807 1190 molem
843 1147 964 1188 istam
994 1146 1272 1190 condiderunt
1305 1164 1435 1207 prope
1458 1157 1546 1191 tur-

174 1212 258 1252 rim
294 1207 333 1248 S.
366 1207 528 1249 Erasmi
553 1237 567 1257 ,
604 1206 721 1249 cuius
768 1204 907 1248 adhuc
957 1206 1104 1249 rudera
1145 1217 1365 1263 supersunt
1416 1222 1545 1265 prope

173 1268 544 1326 Cryptoporticum
566 1297 582 1316 ,,
614 1281 724 1323 nunc
742 1266 781 1307 le
801 1268 942 1307 Grotte
979 1267 1020 1307 dt
1056 1265 1100 1307 S.
1138 1270 1380 1319 ancesco,
1403 1264 1545 1309 hodie-

174 1325 274 1368 dum
309 1324 358 1366 ad
391 1324 602 1382 regiorum
633 1324 895 1367 stabulorum
919 1339 1040 1367 usum
1058 1325 1358 1369 inservientem.
1379 1326 1545 1368 Locum·

174 1386 312 1441 ipsum
343 1381 534 1426 describit
567 1383 773 1425 Pratillius
809 1383 889 1426 Via
925 1384 1005 1441 Ap.
1041 1383 1111 1426 lib.
1146 1384 1220 1426 III.
1270 1400 1308 1427 c.
1348 1384 1381 1427 I.
1431 1384 1543 1426 Hinc

172 1441 342 1485 'l'heatri
383 1456 476 1498 pars
509 1440 642 1484 adhuc
662 1440 868 1484 Mazochii
890 1457 988 1484 aevo
1009 1442 1216 1484 restabat:
1251 1456 1406 1499 magna
1426 1443 1539 1485 enim

172 1502 281 1544 illius
312 1499 531 1558 hemicycli
576 1515 671 1558 pars
702 1500 778 1543 fuit
825 1499 997 1543 disiecta
1035 1501 1088 1543 ob
1129 1516 1298 1543 causam
1342 1500 1541 1557 figulinae

172 1561 228 1602 ibi
268 1559 549 1609 exercendae,
586 1573 682 1614 ’quo
712 1558 919 1616 patentior
958 1559 1234 1616 explicaretur
1284 1573 1396 1600 area.
1446 1558 1541 1602 Hoc

173 1633 270 1662 vero
304 1616 530 1658 Theatrum
566 1619 641 1660 sub
681 1616 924 1660 Caesaribus
964 1618 1041 1659 fuit
1070 1616 1362 1668 aedificatum,
1398 1626 1439 1659 et
1464 1618 1545 1662 for-

173 1686 279 1733 tasse
313 1691 333 1718 a
363 1675 577 1732 Campana
615 1676 776 1719 colonia
799 1706 811 1726 ‚
848 1674 917 1718 sed
944 1686 1037 1733 post
1073 1678 1250 1734 Augusti
1288 1692 1440 1720 aevum
1474 1691 1543 1719 ex-

175 1743 360 1775 citatum.

289 1792 334 1831 In
367 1789 443 1831 hac
475 1790 576 1831 urbe
612 1791 730 1846 plura
760 1791 871 1833 fuere
901 1793 1056 1847 templa
1078 1824 1088 1843 ,
1135 1794 1242 1834 inter
1284 1808 1388 1849 quae
1427 1792 1537 1836 Iovis

175 1848 276 1890 illud
299 1881 313 1899 ,
355 1849 463 1905 quod
493 1846 706 1890 conditum
737 1848 860 1905 fuisse
897 1849 1076 1891 creditur
1097 1865 1117 1889 e
1136 1850 1302 1906 regione
1321 1849 1537 1893 cuiusdam

171 1907 346 1950 civitatis
387 1915 541 1963 portae.
571 1906 761 1948 Alterum
798 1906 952 1948 Dianae
988 1907 1189 1950 Tifatinae
1219 1910 1261 1950 in
1314 1919 1429 1965 parte
1465 1925 1536 1952 oc-

167 1964 358 2008 cidentali
395 1963 578 2007 eiusdem
617 1965 785 2006 montis.
820 1964 944 2017 Quod
978 1965 1144 2022 quidem
1163 1966 1438 2024 magnificum·
1462 1968 1543 2010 fuit

169 2033 350 2067 erectum
396 2023 438 2065 in
475 2024 572 2065 loco
596 2053 608 2072 ‚
647 2023 716 2080 qui
774 2022 878 2064 olim
914 2024 1201 2081 appellabatur
1247 2026 1286 2067 S.
1320 2026 1536 2069 Michaelis

174 2083 428 2139 Archangeli
464 2081 668 2131 Ecclesia,
688 2091 728 2123 et
761 2096 872 2124 nunc
892 2083 932 2124 S.
974 2083 1139 2140 Angeli.
1178 2084 1360 2127 Huiusce
1396 2086 1543 2143 templi

168 2140 356 2182 Velleius
392 2140 632 2183 Paterculus
666 2139 736 2182 lib.
769 2139 818 2180 Π.
856 2155 891 2182 c.
930 2141 998 2182 25.
1037 2142 1240 2183 meminit.
1278 2146 1441 2185 Prostat
1460 2145 1540 2186 Ca·

169 2213 274 2255 puae
310 2214 520 2249 marmor,
569 2201 609 2240 in
648 2213 729 2255 quo
764 2197 943 2253 legitur:
985 2200 1151 2242 Sacrum
1207 2202 1358 2244 Dianae
1399 2203 1541 2256 Tifati-

166 2272 245 2299 mze
278 2258 439 2300 Triviae.
471 2260 563 2300 Hoc
600 2258 804 2315 templum
839 2256 914 2298 fuit
948 2258 989 2300 in
1026 2258 1270 2302 occidentali
1321 2270 1435 2318 parte
1473 2262 1542 2302 Ti-

1587 1027 1741 1054 Theatrum.
