1920 2579
328 120 412 163 258

324 176 501 223 flammis
549 173 858 227 concremavit,
910 173 1094 234 dumque
1128 188 1269 218 omnes
1310 189 1449 218 rerum
1499 178 1687 222 omnium

313 237 574 280 amissionem
602 234 799 277 deflerent
817 266 828 287 ,
860 233 1060 277 Troianae
1089 233 1313 277 obsidionis
1345 234 1582 278 incendium
1603 237 1688 293 ipse

311 296 494 337 canebat.
528 294 642 348 Quin
672 294 756 336 imo
787 308 908 336 ansus
939 293 1017 335 suit
1048 294 1090 335 in
1120 295 1301 335 Theatro
1320 324 1334 344 ‚
1373 303 1412 334 et
1445 298 1683 351 praesertim

311 356 352 395 in
384 352 656 410 Neapolitano
689 352 845 404 saepius
876 363 1090 402 cantasse,
1146 363 1190 393 ut
1223 352 1360 408 prodit
1393 352 1612 396 Suetonius
1647 356 1689 397 in

312 415 398 455 eius
429 415 510 454 vita
541 427 576 455 c.
611 425 691 452 202
725 411 787 453 Ec
812 411 976 467 prodiit
1007 410 1233 463 Neapoli,
1266 425 1319 452 ac
1370 426 1426 452 ne
1471 426 1689 455 concusso

315 472 489 529 quidem
522 480 698 526 repente
734 480 1023 512 motuterrae
1087 471 1298 520 leeatm,
1356 479 1457 510 ante
1511 481 1693 514 cantare

317 530 473 571 destitit
484 562 499 581 ,
523 544 654 587 qaam
686 528 927 570 inchoatum
940 531 1203 585 persolveret
1235 529 1339 569 νομοὶῖ
1361 559 1371 570 .
1400 528 1567 570 Ibidem
1591 543 1688 571 saem

309 589 406 643 pius
426 620 438 639 ,
471 599 514 631 et
546 603 626 644 per
659 589 904 642 complures
935 588 1118 629 cantavit
1151 586 1258 627 dies.
1294 586 1384 642 Ipse
1402 586 1523 629 etiam
1566 586 1693 629 Raudi-

314 649 389 689 bus
421 647 594 705 acceptis
625 645 677 687 ab
708 645 1008 695 Alexandrinis,
1039 645 1111 701 qui
1144 642 1315 699 Neapoli
1348 655 1465 687 erant
1488 677 1500 698 ,
1521 660 1567 686 ex
1599 647 1694 703 ipsis

311 706 447 762 piures
480 707 654 749 Romam
688 704 889 762 proficisci
920 704 1036 746 iussit
1067 716 1348 760 coronamque
1380 704 1581 761 quaesivit
1603 736 1618 756 ,
1659 717 1697 748 et

315 764 562 808 mercedem.

435 823 623 865 Vitellius
657 821 806 864 deinde
837 820 1064 877 Imperium
1102 819 1342 876 gubernavit
1359 821 1519 863 nonnisi
1539 820 1699 865 histrio-

315 897 419 924 num
450 883 644 934 consilio,
676 896 781 939 quos
812 881 986 923 maxime
1017 878 1254 922 adamavit:
1287 881 1503 922 Suetonius
1523 880 1563 921 in
1596 882 1701 924 eius-

317 942 413 983 dem
452 942 546 983 Vita
578 956 611 982 c.
645 950 671 994 4
702 941 758 982 sic
789 939 945 982 tradit:
998 938 1171 981 Talibus
1211 938 1442 994 principiis
1488 954 1697 996 magnam

317 1001 501 1055 Imperii
524 1012 695 1056 partem
727 998 901 1041 nonnisi
929 999 1140 1048 consilto,
1178 1007 1219 1039 ec
1256 998 1433 1038 arbitrio
1488 999 1700 1041 vilissimi

320 1060 522 1114 cuiusque
558 1059 845 1110 histrionum,
884 1066 925 1098 et
946 1057 1205 1114 aurigarum
1252 1056 1606 1106 administravit,
1653 1069 1697 1099 et

321 1119 519 1159 maoeime
559 1117 748 1161 Asiatici
772 1116 920 1156 liberti.
956 1114 1244 1170 Eliogabalum
1278 1130 1450 1156 munera
1472 1146 1483 1167 ,
1517 1124 1557 1155 et
1607 1130 1704 1171 pro·

322 1177 547 1217 vinciarum
580 1173 872 1229 gubernamina
905 1173 1166 1214 saltatoribus
1195 1171 1350 1213 dedisse
1368 1183 1510 1213 auctor
1541 1183 1600 1212 est
1621 1176 1705 1215 He»

323 1235 520 1276 rodianus
550 1233 621 1275 lib.
657 1235 714 1276 V.
749 1234 910 1273 Praeter
942 1232 1140 1272 hactenus
1173 1229 1397 1286 descriptos
1413 1230 1701 1287 Imperatores,

326 1293 398 1349 qui
448 1293 634 1334 animum
681 1289 928 1347 Spectaculis
978 1289 1274 1338 intenderunt,
1314 1288 1481 1329 fuerunt
1524 1288 1628 1339 alii,
1660 1302 1706 1332 ut

326 1354 434 1395 inter
467 1362 620 1392 ceteros
651 1348 806 1391 Lucius
835 1347 997 1400 Verus,
1031 1346 1082 1388 de
1112 1361 1196 1402 quo
1230 1346 1352 1388 refert
1383 1345 1703 1402 Capitolinnsin

330 1412 415 1452 eius
450 1411 547 1451 Vita
571 1441 584 1460 ,
615 1408 737 1450 ludos
770 1406 1012 1456 Circenses,
1045 1416 1084 1446 et
1118 1404 1379 1462 gladiatorios
1418 1405 1553 1460 ipsum
1590 1407 1706 1448 valde

329 1469 567 1510 adamasse:
603 1466 827 1509 eorundem
860 1479 1027 1521 quoque
1062 1464 1213 1504 mirum
1247 1463 1287 1503 in
1323 1463 1493 1504 modum
1525 1465 1709 1519 volupta-

330 1540 371 1569 te
408 1527 576 1568 affectos
607 1526 727 1568 fuisse
758 1524 1043 1566 Commodum
1064 1554 1078 1572 ‚
1110 1532 1148 1564 et
1181 1522 1432 1564 Caracallam
1465 1534 1598 1564 narrat
1631 1526 1710 1565 He-

341 1586 532 1629 rodianus
565 1585 634 1627 hb.
671 1584 738 1626 ΙΙΙ.
771 1583 837 1624 En
871 1581 994 1638 igitur
1032 1581 1084 1623 ad
1129 1596 1253 1637 quem
1285 1580 1512 1623 dementiae
1558 1592 1711 1623 statum

341 1655 619 1702 pervenerunt
656 1644 792 1701 plures
821 1641 1090 1698 Imperatores
1111 1670 1126 1691 ,
1164 1639 1235 1696 qui
1267 1653 1351 1681 non
1382 1639 1514 1682 solum
1546 1639 1715 1696 Specta-

341 1705 439 1745 culis
470 1704 653 1745 animum
701 1699 1007 1751 adhibuerunt,
1054 1713 1198 1740 verum
1248 1699 1369 1740 etiam
1414 1698 1671 1742 saltatoribus
1702 1731 1714 1753 7

339 1763 587 1820 comicisque
621 1775 790 1803 munera
829 1756 1060 1800 dederunt!
1576 1758 1578 1761 ’

105 1832 221 1856 mmm
256 1832 311 1863 Sive<
452 1821 559 1863 Cum
592 1832 726 1861 autem
757 1820 954 1859 immensa
993 1815 1082 1857 auri
1116 1814 1298 1869 pondera
1349 1817 1401 1859 ad
1446 1816 1712 1875 Amphitheaae

105 1874 240 1935 ξᾝζῗῖῗ,
267 1867 315 1927 ’Ἓξ
340 1892 449 1921 trum
471 1912 486 1931 ,
530 1891 569 1920 et
600 1879 770 1921 Circum
802 1893 820 1916 a
856 1875 1051 1919 Romanis
1082 1874 1263 1915 adhibita
1302 1875 1485 1927 fuerint,
1532 1891 1713 1933 cumque

107 1939 319 1999 ἕζζξζῇᾗξρᾚ
341 1951 399 1980 tot
428 1938 700 1994 gladiatorum
735 1935 886 1985 millia,
935 1944 975 1974 et
1012 1947 1135 1975 omne
1164 1948 1290 1987 genus
1321 1934 1501 1977 ferarum
1553 1935 1709 1992 ubique

107 1983 174 2035 {aaa
197 2018 261 2035 νοω.
343 1997 547 2039 alerentur
578 2001 597 2052 (
630 2008 675 2038 ut
722 2005 815 2037 ante
865 1993 1043 2042 diximus
1072 1990 1089 2047 )
1124 1992 1218 2032 hine
1248 1992 1401 2034 factum
1453 2005 1542 2043 est,
1582 2004 1625 2035 ut
1660 1993 1712 2034 ad

346 2056 579 2113 {spectacula
621 2056 770 2096 isthaec
799 2054 976 2095 maxima
998 2051 1216 2092 hominum
1237 2051 1460 2107 frequentia
1485 2051 1710 2102 advenerit,

347 2131 441 2157 eum
471 2115 557 2156 ludi
597 2113 837 2156 edebantur.
871 2111 932 2152 Ea
966 2109 1181 2151 hominum
1212 2109 1435 2151 multitudo
1465 2125 1510 2150 ex
1534 2109 1717 2165 pluribus

348 2175 611 2216 conveniebat
643 2172 834 2214 urbibus:
872 2168 1234 2225 Amphitheatrum
1259 2201 1273 2220 ,
1306 2179 1344 2211 et
1374 2167 1516 2209 Circus
1532 2167 1583 2208 ad
1625 2167 1715 2211 XC.

349 2234 504 2275 circiter
536 2232 751 2273 bominum
786 2228 911 2270 millia
945 2227 1279 2283 amplectebatur.
1309 2226 1381 2269 Ad*
1409 2236 1562 2268 tantam
1596 2226 1717 2280 igitur

349 2288 565 2335 hominum
600 2290 875 2348 frequentiam
903 2286 1194 2331 continendam
1219 2318 1233 2339 ,
1264 2286 1383 2331 sicuti
1410 2299 1529 2343 saepe
1558 2283 1680 2328 fiebat
1696 2315 1718 2341 ,-

1884 0 1905 48 ³:⁴⁴.
