1920 2579
1483 100 1564 153 259

187 164 422 220 aliquandiu
486 163 724 203 immoratus
756 192 770 211 ,
835 172 975 219 postca
1022 162 1096 204 VI.
1144 160 1318 203 Neronis
1367 173 1475 202 anno
1524 161 1566 201 iu

190 224 344 265 italiam
380 222 626 277 peragravit,
659 235 704 260 ac
737 221 862 275 paulo
895 231 985 277 post
1019 221 1235 277 Neapolim
1268 219 1468 274 pervenit,
1494 218 1562 258 ubi

191 284 298 324 lianc
332 281 470 322 urbem
494 311 508 329 ,
545 275 719 334 alias'que
750 288 899 320 ceteras
932 278 1087 320 Christi
1121 279 1331 333 Religione
1380 276 1558 325 imbuit,

191 343 455 398 primumque
487 336 606 376 huius
638 336 874 379 Antistitem
909 338 1120 378 constituit
1154 339 1365 393 Asprenen
1386 366 1398 384 ‚
1447 335 1560 376 Con·

190 399 410 454 didamque
441 395 651 436 seniorem
687 395 864 450 primam
899 395 1070 437 civitatis
1102 394 1378 437 Christianam
1420 393 1558 437 reddig

191 457 262 497 dit.
295 457 402 497 Hinc
455 453 633 510 primum
667 453 718 494 ad
750 469 848 495 eum
880 456 1050 504 locum,
1086 455 1158 510 qui
1189 454 1308 509 vulgo
1338 451 1385 492 S.
1406 451 1561 493 Petrus

193 516 253 556 ad
286 515 454 564 Aram,
487 527 596 553 sacra
634 512 829 567 peregisse
861 513 1038 554 eundem
1073 511 1319 569 Apostolum
1353 509 1458 550 fama
1493 516 1564 550 est·-=

192 571 430 615 Hodiedum
463 570 604 612 visitur
636 585 701 611 ara
740 571 759 625 (
791 582 836 612 ut
867 571 1048 613 creditur
1079 568 1097 625 )
1132 570 1184 611 ad
1215 584 1340 611 novae
1358 565 1561 609 Ecclesiae

197 629 508 685 ingredientium
541 628 695 672 laevam
720 659 732 679 ,
764 644 886 685 supra
919 644 1045 686 quam
1081 631 1132 668 D.
1176 629 1318 670 Petrus
1371 641 1461 668 rem
1505 641 1563 667 sa-

191 705 306 731 cram
340 689 445 728 fecit.
480 686 547 726 Ob
580 697 733 727 tantam
767 689 889 743 igitur
941 688 1108 739 huiusce
1158 685 1348 742 Apostoli
1404 699 1566 726 memo⁶

205 749 303 789 riam
328 778 338 795 ,
375 746 470 786 urbs
502 745 636 786 eidem
668 744 940 787 addictissima
966 775 978 794 ‚
1016 744 1280 787 Fidissimae
1314 743 1479 783 nomine
1502 743 1567 782 do-

203 816 295 848 nata
331 804 422 845 soit.
443 803 565 845 Extat
583 805 776 862 anonymi
797 815 940 860 poetae
959 804 1061 844 hane
1079 817 1200 856 supet·
1221 817 1307 843 rem
1326 800 1565 858 distychon:

326 863 515 916 Regibus
535 893 547 911 ,
580 871 707 919 atque
740 863 836 903 Deo
871 862 985 919 quod
1014 862 1075 903 sis
1114 861 1340 903 Fidis-sima
1379 873 1564 914 semper,

382 921 685 973 Parthenopes
717 934 872 960 nomen
907 921 982 960 dat
1008 919 1084 961 tibi
1116 923 1207 959 iure
1233 917 1380 961 Fides.

622 1032 999 1086 CAPUT
1066 1035 1134 1087 X.

292 1162 606 1206 Describuntur
636 1162 724 1204 alia
752 1163 848 1205 loca
883 1163 1003 1205 eirea
1041 1162 1189 1206 urbem
1230 1161 1483 1219 Neapolim.

316 1281 549 1334 Antequam
581 1277 632 1319 ad
664 1279 747 1334 agri
780 1280 992 1324 Puteolani
1011 1281 1325 1337 descriptionem
1346 1283 1569 1337 venfflmm,
1593 1294 1782 1331 capimomm

208 1347 389 1394 superest
423 1346 468 1376 ut
497 1337 548 1377 de
578 1338 662 1378 aliis
694 1339 917 1381 lociscirca
939 1340 1084 1382 urbem
1108 1342 1339 1395 loquamur.
1359 1342 1454 1381 Non
1476 1356 1573 1397 pro-

208 1398 277 1438 cul
309 1395 358 1436 ab
391 1393 530 1436 eadem
550 1426 561 1447 ,
595 1406 634 1436 et
666 1412 744 1452 qua
777 1407 891 1453 parte
924 1398 1124 1440 orientem
1156 1409 1337 1455 spectat,
1389 1399 1572 1455 primum

207 1452 387 1497 obcurrit
417 1452 530 1494 collis
560 1455 870 1497 amoenissimus
889 1487 900 1509 ,
933 1456 1055 1511 vulgo
1090 1456 1434 1511 Capodimonte,
1453 1457 1572 1512 Capi-

205 1514 397 1554 montius·
431 1511 532 1552 Eius
564 1528 631 1553 aer
662 1513 830 1555 salubris
862 1525 954 1555 est:
987 1515 1108 1556 huius
1138 1514 1216 1557 loci
1239 1515 1495 1556 mentionem
1514 1515 1572 1557 fa-

203 1573 256 1612 cit
291 1573 499 1613 Fontanus
529 1570 571 1611 in
606 1570 748 1627 Lepid.
785 1573 916 1614 Tanta
949 1583 1006 1616 est
1037 1573 1115 1614 loci
1139 1574 1362 1622 sereonas,
1395 1584 1433 1614 et
1456 1573 1575 1615 uber—

205 1639 293 1682 tas,
329 1639 375 1670 ut
406 1628 561 1670 fructus
593 1630 780 1686 exquisiti
812 1631 964 1687 saporis
986 1662 997 1682 ,
1031 1642 1070 1672 et
1103 1633 1384 1688 cuiuscunque
1426 1633 1580 1687 generis

212 1831 311 1868 haud
335 1832 485 1868 arbitror
528 1833 639 1880 ipsius
668 1832 897 1877 aediculam,
925 1845 1019 1882 quae
1056 1841 1166 1869 restat
1195 1834 1230 1868 in
1259 1835 1337 1870 loco
1366 1834 1501 1883 vulgo:
1541 1833 1586 1870 S.

214 1884 379 1930 Aspreno
405 1885 443 1916 αἱ
473 1880 615 1917 Timon-1·
638 1882 676 1917 di
703 1882 840 1931 Seggio
865 1882 904 1917 cli
930 1883 1061 1919 Porto.
1089 1883 1306 1921 Communis
1332 1884 1590 1933 Neapolitano-

221 1945 302 1968 rum
333 1931 477 1967 traditio
521 1940 569 1967 est
593 1960 602 1977 ,
629 1931 709 1967 heic
752 1933 863 1968 fuisse
893 1933 1005 1981 ipsius
1033 1932 1205 1978 domum,
1234 1933 1333 1983 quod
1361 1934 1507 1983 quidem
1524 1947 1600 1970 cre-

216 1981 377 2018 dendum
405 1981 504 2017 haud
530 1989 610 2025 est,
637 1981 818 2031 siquidem
845 1996 917 2032 quo
945 1993 1104 2031 tempore
1133 1983 1256 2020 floruit
1283 1984 1322 2020 S.
1349 1985 1486 2034 Aspreu
1506 2013 1515 2029 ‚
1543 1991 1595 2020 {02

220 2040 253 2068 tu
284 2031 416 2068 isthaec
460 2031 559 2079 regio
578 2060 587 2075 ,
626 2045 721 2067 mare
761 2032 886 2080 procul
929 2032 1039 2068 dubio
1068 2034 1164 2077 fuit,
1194 2041 1230 2070 et
1257 2035 1403 2084 antiqua
1450 2036 1592 2071 moenia

216 2081 314 2117 haud
341 2081 464 2129 procul
493 2083 700 2118 extiterunt.
731 2082 922 2131 Temporis
950 2088 1139 2131 progressu
1167 2097 1264 2120 mare
1283 2084 1451 2127 recessit,
1481 2083 1591 2132 idque

218 2131 345 2167 accidit
374 2131 488 2167 multo
517 2139 595 2180 post
622 2139 774 2169 aetatem
806 2133 845 2169 S.
874 2133 1060 2181 Asprenis.
1088 2134 1300 2171 Refellenda
1329 2135 1442 2183 igitur
1477 2143 1529 2169 est
1551 2135 1591 2169 il-

219 2182 338 2216 lorum
367 2182 490 2230 opinio
509 2209 520 2225 ,
547 2185 609 2230 qui
638 2183 715 2219 heic
745 2184 853 2232 ipsius
882 2182 1030 2219 domum
1061 2183 1170 2221 fuisse
1198 2194 1386 2234 putarunt.
1418 2184 1588 2220 Pluribus

221 2230 305 2267 inde
333 2230 458 2279 elapsis
485 2233 634 2271 saeculis
662 2234 728 2271 hoe
758 2235 794 2269 in
823 2233 901 2271 loco
930 2234 1091 2271 eiusdem
1119 2236 1156 2271 in
1184 2236 1358 2273 honorem
1388 2234 1504 2272 dicata
1527 2235 1594 2271 fuit

229 2280 359 2320 isthaec
387 2282 560 2320 aedicula,

1174 2336 1195 2361 e
