1920 2579
326 92 408 124 202

322 139 393 195 qui
428 138 465 178 in
501 137 578 178 alio
611 152 735 196 opere
760 172 770 191 ‚
804 139 917 196 quod
951 140 1125 182 exaravit
1154 144 1204 184 de
1255 143 1464 185 Palaestra
1502 143 1704 199 Neapoli-

324 207 415 238 tana
437 229 446 247 ,
480 197 529 237 de
561 198 790 257 Gymnasio
823 200 942 240 verba
977 199 1085 241 facit·
1119 200 1206 242 Nos
1236 200 1365 258 igitur
1395 200 1558 245 duobus
1591 204 1701 244 hisce

323 254 496 298 ducibus
519 288 533 307 ‚
564 257 614 298 de
647 256 790 299 eodem
821 260 1005 314 primurn
1037 258 1215 302 brevite-r
1247 261 1461 310 dicemu53
1505 259 1599 302 inde
1648 260 1705 302 de⁴

323 314 505 356 Theatro
525 348 540 367 ,
576 316 626 357 de
659 316 779 357 Circo
799 348 814 368 ,
845 315 896 358 de
927 318 1116 360 Thermis
1138 350 1156 370 ,
1193 317 1326 376 deque
1356 317 1503 359 Ludis.

440 373 553 415 Vrbs
585 375 777 431 Neapolis
808 391 830 418 a
863 377 988 418 Graia-
1037 378 1193 433 origine·
1223 377 1239 436 ζ
1273 387 1317 417 ut
1350 392 1465 433 saepe
1508 378 1699 419 iudicavi-

323 446 412 472 mus
445 430 461 488 )
498 432 603 475 illius
633 435 760 489 gentis
787 435 980 485 cultum,
1028 447 1067 477 et
1102 451 1238 477 mores
1285 436 1524 491 usurpavit:
1576 450 1703 493 atque

323 489 417 530 inde
448 489 545 534 deos
577 493 680 549 ipsos
715 509 754 536 ea
791 495 918 535 coluit
937 526 950 546 ‚
980 495 1130 552 quibus
1161 493 1306 536 Graeci
1341 493 1491 550 templa
1533 494 1697 536 dedica-

323 559 448 600 rant,
483 549 686 608 ludosque
718 553 826 609 ipsos
857 553 999 595 edidit.
1032 555 1142 595 Hinc
1175 563 1214 595 et
1244 551 1438 593 ludorum
1459 554 1592 596 variae
1611 570 1696 610 spe·

323 607 399 648 cies
433 608 583 650 ibidem
616 611 907 662 introductae,
940 623 980 653 et
1011 612 1172 669 publiea
1206 609 1384 652 aedificia
1420 611 1471 652 ad
1505 611 1546 653 id
1598 626 1695 668 ope-

323 668 376 706 ris
407 667 607 708 destinata
639 685 661 710 e
713 669 989 711 fundamentis
1020 681 1151 711 erecta
1181 669 1365 710 fuerunt.
1407 668 1514 710 Cum
1569 672 1694 725 igitur

321 725 513 781 Neapolis
545 725 803 767 Graecorum
833 728 984 768 viveret
1017 727 1202 769 moribus
1221 757 1235 776 ,
1266 724 1368 766 inde·
1392 725 1480 767 ludi
1512 726 1601 769 fieri
1624 743 1693 769 so-

318 781 379 822 liti
412 784 453 823 in
487 785 634 825 Atticis
682 783 853 825 urbibus
876 816 889 837 ‚
920 786 961 825 in
994 785 1136 827 eadem
1185 784 1376 827 celebrati
1407 785 1519 827 fuere
1570 786 1693 828 simili

317 854 466 895 more,
510 852 637 898 atque
681 843 882 884 instituto,
913 844 1061 886 Variae
1092 854 1208 885 erant
1253 842 1450 885 ludorum
1495 846 1647 900 species
1680 877 1690 896 ‚

315 913 421 955 quae
454 901 494 940 in
526 901 803 957 Neapolitano-
831 901 1057 944 edebantur
1073 901 1334 960 Gymnasio‚
1365 912 1405 943 et
1437 902 1541 945 duae
1579 920 1692 961 prae-

313 958 454 1000 sertim
503 958 759 1017 Gymnieum
809 975 990 1017 nempe,
1033 970 1072 1001 et
1104 961 1312 1002 Musicutn
1363 970 1565 1002 certamen
1585 978 1690 1004 nun-

310 1027 521 1072 cupatum.
554 1018 814 1076 Gymnicum
844 1034 939 1061 vero
971 1019 1148 1075 Neapoli
1177 1017 1300 1060 fiebat
1331 1021 1584 1076 quotannis,
1640 1030 1687 1061 ut

308 1085 419 1130 patet
453 1092 499 1117 ex
532 1076 808 1132 Lycophrona
838 1077 881 1119 in
916 1075 1141 1120 Cassandra
1170 1092 1207 1118 v.
1241 1091 1341 1133 719.

427 1134 519 1176 Hoc
552 1135 768 1192 publicum
798 1136 1033 1179 aedificium
1063 1135 1106 1176 in
1140 1149 1188 1177 eo
1220 1136 1332 1177 urbis
1365 1134 1456 1177 loco
1491 1135 1560 1191 (ι)
1595 1134 1693 1187 fuit,

308 1190 379 1233 ubi
413 1208 524 1235 nunc
556 1194 735 1250 adsurgit
766 1195 886 1238 aedes
916 1196 968 1237 D.
999 1194 1170 1237 Nicolao
1185 1193 1348 1242 dicata,
1388 1194 1511 1251 vulgo
1532 1200 1576 1237 ai
1607 1197 1692 1242 (la-1

305 1257 431 1303 serti,
466 1252 535 1294 ubi
568 1253 771 1296 Thermae
804 1268 973 1310 quoque
1003 1253 1181 1295 extitere.
1214 1253 1490 1310 Gymnasium
1538 1268 1634 1297 vero
1665 1269 1688 1295 a

305 1310 474 1352 Graecis
524 1311 849 1370 splendidissime
897 1313 976 1357 fuit
1030 1322 1213 1355 ereetum
1255 1312 1377 1355 variis
1424 1311 1682 1355 ordinibus:

302 1381 462 1425 praeter
493 1372 602 1412 enim
635 1387 798 1426 magnas
830 1370 1011 1429 porticus
1030 1402 1041 1424 ‚
1072 1372 1181 1413 intra
1212 1386 1313 1429 quas
1344 1371 1562 1414 commode
1597 1381 1682 1413 erat

302 1428 649 1472 deambulandum
672 1462 686 1481 ‚
718 1431 795 1474 fuit
827 1432 949 1473 etiam
983 1431 1218 1482 Palaestra,
1251 1429 1321 1472 ubi
1355 1428 1529 1472 athletae
1576 1430 1682 1487 seip-

300 1504 365 1529 sos
398 1489 636 1543 ungebant,
671 1501 710 1530 et
743 1490 909 1546 pulvere
940 1489 1278 1547 conspergebant.
1313 1490 1405 1532 Hoc
1439 1501 1577 1531 autem
1609 1504 1676 1531 ae-

301 1546 485 1587 dificium
521 1563 567 1589 ex
602 1550 787 1604 pretiosis
819 1560 1102 1591 constructum
1135 1548 1408 1590 marmoribus
1428 1580 1440 1599 ‚
1472 1559 1594 1605 atque
1616 1549 1681 1603 pi-

304 1606 428 1644 cturis
462 1606 537 1647 fuit
571 1607 983 1664 exornatumr„quod
1015 1617 1153 1663 postea
1203 1616 1452 1649 terraemotu
1502 1607 1674 1661 conlap-

297 1679 390 1705 sum
417 1695 426 1715 ,
456 1664 550 1704 inde
581 1679 603 1705 a
637 1666 886 1721 Vespasiano
925 1666 1004 1706 fuit
1038 1674 1348 1715 restauratum,
1381 1674 1426 1704 ut
1467 1678 1514 1705 ex
1567 1678 1676 1706 mar·

297 1737 410 1763 more
445 1723 590 1768 mutilo
624 1734 735 1780 patet
769 1723 948 1777 Graecis,
982 1722 1221 1779 Latinisque
1266 1722 1575 1764 characteribus
1615 1739 1679 1765 se·

392 1950 444 1992 (1)
471 1947 549 1983 Hoc
576 1946 645 1983 fuit
673 1945 709 1982 in
738 1960 778 1982 ea
805 1946 908 1983 urbis
935 1952 1036 1996 parte
1056 1973 1066 1991 ,
1093 1943 1158 1980 ubi
1187 1955 1363 1994 aquarum
1402 1941 1524 1978 aderat
1552 1943 1667 1979 abun-

291 1996 428 2033 dantia:
469 2005 503 2033 et
547 2009 583 2033 re
610 2009 694 2033 sane
722 2010 807 2033 vera
833 1997 926 2033 circa
962 1996 1052 2031 hanc
1092 2003 1273 2031 vetustam
1309 1992 1480 2028 fabricam
1523 2004 1668 2041 magnae

290 2048 410 2082 adhuc
438 2060 613 2096 aquarum
656 2047 892 2095 scaturigines
940 2045 1072 2081 adsunt
1099 2057 1174 2080 non
1217 2043 1332 2079 solum
1375 2042 1630 2079 subterraneae
1659 2073 1670 2089 ,

288 2110 415 2132 verum
444 2099 553 2133 ctiam
578 2111 652 2133 non
679 2096 809 2146 procui
833 2107 984 2145 magnus
1009 2095 1089 2129 fons
1115 2093 1229 2128 dictus
1255 2092 1296 2127 la
1333 2091 1563 2140 Scapigliata
1601 2108 1667 2142 pro

288 2147 432 2183 istorum
461 2157 666 2195 temporum
692 2145 884 2196 Gymnasii
911 2143 1193 2195 opportunitate.
1222 2139 1332 2191 Apud
1356 2141 1480 2177 Graios
1500 2141 1538 2178 in
1567 2156 1666 2179 more

286 2198 356 2233 fuit
384 2198 542 2246 positum
562 2227 570 2243 ‚
598 2206 640 2235 ut
664 2208 776 2247 prope
801 2195 995 2245 Gymnasia
1022 2203 1199 2245 aquarum
1225 2198 1316 2230 esset
1339 2191 1443 2242 copia
1470 2190 1519 2228 ad
1547 2192 1664 2232 varios

287 2260 382 2285 usus>
400 2259 614 2285 necessaria..
