1920 2579
1428 91 1504 130 113

143 150 264 192 Mox
294 162 322 189 a
353 148 562 189 Surrento
601 143 715 186 VIII.
745 143 934 186 millibus
977 156 1188 201 passuum
1235 143 1441 186 distantes
1481 177 1498 196 ,

146 207 306 248 Tiberii
337 205 555 262 principis
601 216 703 243 arce
736 203 902 243 nobiles
938 205 1158 259 Capreae,
1197 204 1376 245 circuitu
1427 203 1499 246 XI.

140 264 212 308 vM.
249 268 370 306 Pass.
403 263 502 305 Eius
533 258 745 314 longitudo
774 272 834 301 est
863 259 914 301 ad
932 264 987 303 V.
1006 259 1224 312 milliaria,
1260 270 1299 301 et
1328 260 1503 302 latitudo

143 321 197 362 ad
229 321 278 363 II.
312 323 422 364 Olim
454 318 679 375 Apenninis
710 319 921 359 montibus
951 334 999 363 ex
1030 329 1212 375 tempore
1243 319 1502 361 immemora-

143 379 216 421 bili
249 379 353 419 hanc
383 379 503 419 fuisse
536 376 793 418 coniunctam
827 376 950 417 tradit
982 376 1127 419 Strabo
1157 376 1227 420 lib.
1257 378 1315 420 V.
1349 376 1499 432 Geogr.

144 446 184 477 et
213 436 264 478 ab
295 437 389 493 ipsis
418 435 471 477 ob
502 434 677 490 aliquem
709 444 870 476 motum
901 444 1030 476 terrae
1079 433 1259 477 avulsam
1307 434 1501 478 creditur.

145 495 205 537 Ita
237 495 356 535 etiam
387 494 507 535 sentit
539 491 764 548 Stephanus
794 492 844 533 de
874 492 1073 543 Vrbibus,
1097 502 1136 533 et
1166 495 1265 549 Pop.
1299 493 1403 534 Sunt
1432 493 1504 549 qui

144 552 325 594 scribunt
359 567 405 593 ex
436 549 611 606 antiquis
642 550 903 602 auctoribus,
940 549 1110 593 eandem
1128 550 1221 593 XL.
1254 549 1377 590 millia
1411 565 1502 606 pas-

143 625 263 652 suum
294 610 477 651 habuisse
496 625 507 661 3
526 610 640 664 isque
670 607 845 649 ambitus
877 619 1014 665 postea
1045 608 1085 650 vi
1115 618 1401 664 tempestatum
1423 608 1502 650 fuit

139 669 397 710 imminutus,
429 665 587 708 Insulae
617 665 807 707 circuitus
838 667 1062 709 hodiernus
1093 680 1176 708 non
1207 665 1501 723 estamplius,

145 742 269 783 quam
302 726 365 767 IX
396 725 520 766 millia
551 738 754 781 passuum.
789 723 835 767 In
867 736 951 768 tota
979 723 1109 767 insula
1140 724 1331 766 materiae
1358 724 1507 782 passim

145 795 300 827 restant
329 783 568 824 vulcanicae.
1366 811 1369 814 -

264 841 378 883 Nihil
408 843 476 883 illo
507 838 622 883 coelo
652 842 894 894 amoenius,
929 851 970 884 et
1001 842 1165 887 uberius
1196 851 1286 884 est:
1318 841 1413 882 hinc
1443 841 1509 898 pi·

146 914 230 942 sces
260 899 317 940 ibi
349 898 593 940 selectissimi
613 930 624 952 ,
643 908 683 939 et
715 914 834 941 omne
863 900 997 942 avium
1028 916 1154 957 genus
1186 909 1351 956 propter
1381 899 1508 941 abun-

148 958 313 999 dantem
345 958 625 1000 venationem:
658 958 828 1009 oleum,
860 969 899 999 et
928 959 1071 1002 viuum
1119 960 1302 1014 elegans,
1350 957 1509 1000 fructus

148 1015 344 1072 exquisiti.
362 1017 469 1057 Hinc
500 1014 610 1055 haud
643 1016 794 1058 mirum
824 1015 856 1056 si
889 1016 1039 1058 Statius
1071 1022 1158 1058 eam
1188 1014 1371 1057 salutarit
1401 1015 1511 1057 dites

152 1075 347 1131 Capreas
379 1072 472 1113 Silv.
514 1072 582 1113 lib.
614 1073 687 1118 III.
720 1088 756 1114 V.
795 1076 887 1118 128.
918 1074 1203 1116 Habitantium
1252 1087 1385 1114 mores
1416 1083 1510 1114 ante

146 1132 322 1186 Augusti
351 1145 494 1171 aevum
526 1130 802 1187 Neapolitanis
833 1131 1025 1174 simillimi
1056 1132 1192 1174 suere:
1216 1129 1329 1172 haud
1358 1130 1511 1173 mirum

146 1189 243 1231 inde
274 1188 394 1229 etiam
426 1189 457 1229 si
489 1189 697 1243 Augustus
727 1190 812 1245 ipse
844 1205 930 1232 eam
963 1189 1176 1232 adamarit,

266 1247 404 1288 Variis
436 1246 672 1289 nominibus
703 1247 782 1288 fuit
813 1259 1077 1305 nuncupata3
1109 1248 1289 1304 primum
1309 1247 1514 1299 Senaria,

149 1304 244 1347 hinc
278 1305 475 1345 Telantia
502 1319 514 1354 3
547 1315 681 1359 postea
713 1305 893 1363 Capreae
938 1306 1171 1363 appellatae.
1224 1307 1261 1346 A
1311 1304 1514 1346 Strabone

151 1361 221 1403 hb.
254 1362 306 1403 V.
338 1361 486 1415 Geogr.
520 1361 703 1413 Καπρῐαε,
735 1374 775 1404 et
805 1379 828 1405 a
859 1363 1015 1404 Latinis
1063 1367 1289 1419 Capreae,
1340 1371 1379 1402 et
1430 1362 1513 1403 Ca-

148 1420 303 1474 praria
333 1416 440 1458 dicta
471 1418 561 1461 fuit.
595 1420 817 1462 Theleboas
849 1422 1030 1476 primum
1075 1420 1290 1462 incoluisse
1330 1418 1516 1474 prodidit

153 1477 320 1519 Tacitus
349 1476 494 1518 Annal.
528 1476 598 1519 lib.
631 1479 702 1520 IV.
754 1493 787 1519 c.
825 1483 891 1531 67.
926 1477 1076 1521 Graios
1121 1477 1291 1519 eandem
1337 1477 1515 1520 insulam

152 1548 392 1589 occupasse,
425 1543 463 1573 et
494 1535 744 1577 Thelcboum
775 1547 867 1578 ante
896 1535 1122 1586 Troianum
1153 1535 1304 1577 bellum
1336 1548 1515 1580 commo·

152 1602 285 1632 ratum
305 1621 316 1642 ‚
347 1591 580 1649 insulaeque
610 1609 742 1650 regem
772 1595 895 1637 fuisse
927 1596 1072 1636 cecinit
1109 1594 1357 1636 Mantuanus
1404 1607 1514 1638 vates

152 1648 312 1694 AEneid.
346 1648 442 1690 VII.
454 1665 514 1729 sv'
548 1651 646 1704 733.

273 1794 458 1805 .....
491 1764 590 1806 Nec
623 1775 664 1807 τιι
697 1768 958 1809 carminibus
992 1768 1177 1811 indictus
1206 1771 1339 1814 abibis

273 1821 471 1872 Oebale'3
502 1838 627 1878 quem
658 1825 860 1879 genuisse
880 1826 1043 1867 leelon
1060 1827 1286 1870 Sebethide
1317 1832 1509 1886 nympha

271 1878 430 1979 afer-tar·
451 1910 464 1929 ,
490 1881 746 1946 Theleboum
782 1881 975 1938 Capreas
1004 1898 1103 1926 cum
1138 1899 1275 1946 regna
1312 1898 1475 1932 teneret

303 1950 377 1977 am
405 1951 565 1981 semor.

271 2051 382 2093 Haec
411 2053 675 2108 postmodum
702 2056 743 2097 in
773 2057 1079 2112 Romanorum,
1112 2058 1211 2102 orbe
1241 2072 1412 2117 pacato,
1433 2077 1513 2105 ma·

158 2125 234 2152 nus
263 2112 471 2166 pervenit,
494 2114 570 2168 ‘qui
601 2113 767 2156 huiusce
798 2117 1043 2161 amoenitate
1072 2116 1192 2159 illecti
1224 2135 1315 2162 suas
1336 2119 1513 2163 fixerunt

156 2166 277 2208 sedes.
311 2168 518 2223 Augustus
552 2170 570 2228 (
601 2181 647 2212 ut
678 2172 941 2216 indicavimus
972 2176 993 2231 )
1042 2190 1129 2217 eam
1158 2176 1393 2229 adamavit,
1439 2179 1513 2235 qui

157 2225 362 2323 AEnariZam
394 2226 565 2327 insIuIlam
596 2244 689 2271 cum
721 2232 994 2292 Neapolitanis
1025 2238 1322 2336 comugutavit:
1354 2236 1404 2280 de
1434 2252 1515 2296 qua

318 2297 404 2328 om.
499 2315 507 2327 .
1113 2306 1127 2335 1
