1920 2579
366 132 442 171 188

350 191 485 244 primo
519 183 669 242 praelio
699 185 860 240 fugati,
901 195 939 226 et
977 185 1098 240 paulo
1131 195 1222 241 post
1251 185 1402 228 iterum
1422 183 1608 226 Sicardus
1631 199 1726 227 cum

351 246 429 287 illis
461 244 678 300 praeliatur
699 260 709 280 .·
741 243 835 284 inde
866 243 1067 284 interfecti
1101 244 1152 284 ad
1188 259 1316 284 unum
1349 258 1490 284 omnes
1524 258 1571 284 ex
1603 245 1729 284 Bene-

352 303 550 345 ventanis.
582 302 669 343 Iam
701 302 891 342 Saraceni
921 302 963 343 in
1002 301 1116 343 Italia
1149 317 1196 342 ex
1229 316 1276 343 eo
1310 313 1492 358 tempore
1525 313 1614 357 post
1662 305 1729 341 de-

349 361 520 403 bellatos
555 361 859 402 Beneventanos
892 360 1026 401 sedem
1059 360 1180 415 figere
1211 359 1505 401 constituerant
1525 391 1537 411 ,
1563 375 1655 400 cum
1688 368 1726 399 et

350 419 516 461 orientis
542 419 770 474 Imperator
815 418 1106 475 Theophilus,
1154 417 1303 474 aliique
1352 418 1485 460 ltaliae
1527 418 1726 474 principes

347 488 489 520 contra
521 476 721 519 Barbaros
754 492 988 531 permagnas
1020 476 1269 533 apparabant
1296 478 1465 533 copias,
1489 488 1527 518 et
1558 477 1716 524 classes,

345 550 430 591 quo
462 537 568 592 ipsos
620 550 665 576 ex
696 534 805 576 Italis
836 546 1064 576 averterent
1094 535 1174 575 oris
1199 566 1212 584 ,
1257 549 1354 575 cum
1387 534 1576 576 sicardus
1613 533 1720 574 occi-

345 596 491 644 ditur,
526 596 592 635 cui
624 595 812 634 successit
846 592 1138 635 Radelchisius.
1170 592 1391 633 Siniculfus
1423 591 1575 634 Salerni
1610 592 1721 646 prin-

340 667 434 707 ceps
464 651 517 692 ob
548 653 685 693 huisce
733 652 904 704 odium,
949 651 1077 692 diviso
1118 651 1404 691 Beneventano
1457 650 1720 707 principatu,

341 710 702 766 Salernitanoque‚
736 709 889 750 bellum
925 708 1054 751 eidem
1090 708 1212 750 infert
1234 741 1247 759 ,
1285 707 1398 764 q'uod
1438 719 1537 749 tunc
1593 707 1720 749 maxi-

342 782 408 809 me
439 767 637 823 flagravit.
671 769 779 809 Nam
813 766 1093 809 Radelchisius
1132 768 1349 808 Saracenos
1382 782 1428 808 ex
1463 765 1597 809 Sicilia
1628 780 1721 821 sup-

341 825 468 882 petias
501 825 536 866 ei
566 827 740 867 ferentes
772 824 996 887 advocavit.
1029 825 1163 867 Urbes
1194 837 1497 881 captamque
1530 827 1720 865 incensae

342 885 485 937 fuere,
523 885 627 925 inter
659 899 759 939 quas
793 884 933 943 Capua
969 884 1100 926 satum
1132 885 1267 924 sunm.
1294 887 1343 925 Et
1363 884 1484 939 paulo
1506 893 1593 940 post
1613 896 1721 923 anno

344 958 493 999 nempe
526 942 804 984 DCCCXLII.
841 943 1005 983 eaedem
1038 943 1185 984 efferae
1217 953 1353 997 gentes
1386 945 1534 984 iterum
1587 956 1633 981 ex
1664 941 1723 981 Si-

340 1000 427 1042 cilia
449 1031 460 1052 ,
493 1001 713 1056 Ascicaque
747 1002 787 1041 in
824 1000 943 1042 Italas
978 1003 1218 1056 perveniunt
1250 1016 1370 1042 oras:
1424 1002 1518 1041 hine
1551 999 1715 1039 Barium

341 1059 522 1114 primum
557 1094 571 1113 ‚
621 1062 847 1100 Tarentum
880 1091 891 1109 ‚
941 1059 1089 1100 deinde
1136 1059 1414 1102 Beneventani
1467 1059 1719 1116 principatus

340 1116 462 1157 urbes
496 1118 735 1158 fortissimas
768 1128 971 1172 occupant
1004 1119 1119 1159 Duce
1151 1117 1228 1164 sub
1260 1117 1391 1158 Calfo.

459 1176 651 1217 XLVIII.
686 1175 966 1216 Radelchisius
1000 1191 1096 1218 vero
1130 1176 1357 1218 Beneventi
1372 1176 1463 1216 Dux
1502 1191 1565 1216 eas
1582 1185 1717 1229 gentes

337 1234 511 1284 accivit,
545 1248 629 1289 quo
660 1244 802 1274 contra
837 1233 1080 1275 Siniculfurn
1115 1233 1416 1275 Salernitanum
1449 1236 1604 1274 Ducem
1633 1233 1715 1272 bel·

337 1293 425 1333 lum
459 1292 639 1333 inferret.
673 1291 791 1332 Varii
822 1302 921 1332 tunc
953 1303 1121 1334 eventus
1160 1290 1372 1343 accidere3
1405 1292 1592 1332 Saraceni
1610 1291 1717 1330 enim

339 1365 450 1393 nunc
482 1353 864 1391 Beneventanorum
886 1382 901 1402 ,
955 1366 1064 1391 nunc
1096 1350 1447 1391 Salernitanorum
1490 1360 1617 1404 partes
1651 1365 1718 1388 su-

337 1408 574 1465 scipiebant.
607 1410 714 1449 Hinc
747 1407 899 1449 bellum
936 1411 1059 1465 magis
1089 1407 1340 1459 effervebat3
1381 1407 1568 1449 Saraceni
1616 1407 1716 1446 inte-

334 1467 415 1508 rim
449 1465 703 1508 Radelchisio
736 1466 1022 1521 opitulantur:
1065 1467 1190 1523 copiis
1242 1466 1337 1506 hinc
1385 1481 1480 1508 cum
1537 1465 1716 1506 eiusdem

336 1524 513 1567 collectis
545 1535 684 1566 contra
717 1524 961 1566 Siniculfum
992 1536 1177 1582 pergunt.
1211 1525 1296 1566 Iam
1334 1536 1465 1565 castra
1497 1538 1639 1580 parum
1667 1524 1717 1564 ab

337 1584 526 1624 Suessula
559 1583 727 1624 aberant
789 1584 984 1638 praelium
1019 1596 1174 1639 gestum
1227 1582 1335 1639 apud
1380 1583 1576 1624 Furculas
1611 1582 1717 1622 Cau-

337 1642 464 1682 dinas.
515 1642 820 1692 Beneventani,
878 1643 1148 1687 et4Saraceni
1179 1657 1273 1682 curu
1325 1642 1429 1682 duce
1473 1640 1717 1696 Apollofare

332 1714 355 1739 a
389 1699 586 1741 Siniculso
623 1700 774 1754 fugati,
810 1710 847 1740 et
880 1700 932 1740 ad
964 1711 1190 1741 extremum
1227 1699 1406 1740 redacti:
1443 1714 1582 1739 eorum
1619 1698 1714 1738 urbs

339 1757 551 1799 obsidione
600 1758 680 1799 suit
724 1760 892 1808 cincta,
944 1769 985 1798 at
1032 1768 1124 1815 post
1173 1758 1368 1814 praelium
1417 1758 1597 1812 utrisque
1645 1771 1719 1811 pax

334 1816 441 1858 data.
816 1829 819 1833 ·

453 1873 608 1916 XLIX.
630 1876 689 1916 Ex
705 1890 749 1915 eo
774 1885 954 1930 tempore
976 1885 1217 1931 perpetuum
1245 1874 1396 1915 bellum
1421 1873 1496 1915 snit
1520 1874 1622 1914 inter
1643 1875 1716 1914 Be-

338 1944 618 1974 neventanum
648 1964 662 1984 ,
711 1934 1092 1991 Salernitanumque
1133 1937 1350 1985 ,Ducem3
1403 1934 1586 1974 Saraceni
1640 1935 1716 1972 Ba-

328 1992 468 2041 rium,
501 1991 752 2040 Tarentum,
784 1992 1015 2048 vicinasque
1047 1991 1248 2037 habebant
1282 1992 1402 2032 urbes
1423 2023 1433 2042 ‚
1483 1991 1553 2046 qui
1603 2003 1711 2030 nunc

330 2049 748 2100 Beneventanorurn,
801 2065 911 2101 nunc
958 2050 1305 2092 Salernitanorum
1359 2059 1489 2106 partes
1522 2048 1711 2103 suscipie-

330 2107 443 2148 bant.
478 2108 509 2148 Ii
546 2122 642 2150 vero
674 2109 924 2164 principatus
966 2119 1064 2149 tuuc
1095 2108 1165 2154 *ob
1203 2108 1362 2149 assidua
1410 2106 1557 2163 praelia
1608 2116 1714 2161 gesta

332 2165 415 2205 iam
452 2166 671 2207 morientes
703 2176 833 2208 erant.
881 2166 936 2206 Et
969 2165 1207 2208 Ludovicus
1239 2166 1491 2207 Francorum
1532 2165 1716 2219 Impera-

333 2231 423 2271 tor,
462 2234 501 2264 et
538 2223 820 2275 ItaliaeyRex,
863 2225 932 2280 qni
966 2226 1261 2266 Beneventanis
1281 2235 1378 2264 tunc
1410 2234 1492 2264 erat
1516 2224 1716 2272 infensus,

338 2282 515 2325 maxime
553 2280 738 2336 studuit,
776 2297 859 2341 quo
890 2283 1053 2331 litonum-¹
1075 2297 1136 2325 res
1169 2282 1384 2340 perderet,
1434 2282 1565 2324 donec
1600 2279 1713 2326 bellis
