1920 2579
1444 159 1497 201 85

245 231 340 273 Post
371 232 532 282 lon-stam
568 242 661 268 vero
693 234 974 282 tempestatem
1023 221 1247 279 respublica
1298 217 1376 259 fuit
1421 218 1498 259 flo-

132 291 356 333 rentissima
387 289 461 330 sub
495 287 656 328 nomine
689 286 896 327 Coloniae
942 283 1166 325 Cumanae
1215 277 1499 322 Italo-Grae-

135 364 224 390 cae.
257 349 364 389 Hinc
396 358 506 388 tanta
537 360 723 400 agrorum
759 342 986 394 fertilitate,
1019 351 1058 382 et
1102 339 1336 390 divitiarum
1382 337 1499 392 copia

132 407 236 447 aucti
273 407 381 447 fuere
412 407 539 454 cives,
576 414 619 443 ut
651 402 830 444 Etruscis
871 410 969 440 tunc
1018 397 1312 456 imperantibus
1358 410 1499 451 parere

130 475 356 505 recusantes
389 479 482 504 cum
513 462 588 503 illis
623 476 763 501 manus
795 460 1102 510 conseruerint,
1133 458 1379 511 illorumque
1423 458 1498 498 im-

130 535 269 577 petum
304 521 505 577 fregerint.
541 519 685 561 Strabo
718 519 784 560 lib.
823 517 871 557 V.
905 515 1054 570 Geogr.
1104 516 1144 557 in
1190 515 1360 569 longum
1409 532 1502 558 nar-

133 592 194 620 rat
216 611 226 630 ‚
260 581 410 621 Cumas
443 579 575 636 plnres
608 593 762 634 passam
813 574 1139 626 vicissitudines,
1185 583 1224 614 et
1268 576 1502 630 praesertim

134 639 323 695 pleraque
356 639 484 693 egisse
509 636 610 678 bella
642 652 719 678 non
752 637 881 678 solnm
917 650 1012 676 cum
1043 633 1274 689 longinquis
1296 665 1310 685 ,
1361 649 1505 675 verum

135 699 255 737 etiam
289 713 381 738 cum
417 698 554 737 vicinis
586 696 799 750 gentibus,
833 695 961 736 donec
993 693 1171 735 Romani
1216 691 1392 734 subactis
1438 706 1505 748 po·
1528 713 1536 720 ·

135 757 269 810 pulis,
303 757 404 795 hanc
437 756 556 795 etiam
589 756 628 794 in
662 769 775 794 suain
810 753 1051 807 redegerunt
1084 761 1340 807 potestatem.
1362 753 1505 791 Postea

135 814 257 854 iidem
307 815 417 866 urbis
450 814 556 868 capti
591 813 741 853 deliciis
765 844 776 862 ,
825 811 1073 854 commercio
1122 809 1472 866 opportunissimo
1495 840 1506 861 ‚

138 884 176 911 et
207 871 383 924 divitiis,
417 872 527 913 villas
554 903 566 922 ‚
598 881 636 912 et
667 870 847 912 aedificia
881 871 1029 926 passim
1058 884 1106 910 eo
1140 869 1182 909 in
1230 869 1321 910 loco
1364 867 1509 910 condi-

139 930 244 971 dere.

256 988 395 1029 Livius
427 988 495 1028 lib.
529 990 581 1030 II.
614 1003 647 1028 c.
682 1001 737 1028 20
769 988 808 1027 in
842 988 946 1027 hanc
993 986 1139 1027 urbem
1186 995 1378 1027 testatum
1426 985 1516 1027 reli-

140 1046 270 1102 quit,
292 1047 561 1102 Tarquinium
595 1046 828 1102 Superbum
859 1056 1086 1086 extremum
1117 1044 1400 1085 Romanorum
1437 1045 1516 1083 Re-

142 1121 230 1160 gem
265 1104 522 1159 confugisse,
555 1116 770 1160 postquam
803 1119 823 1143 e
858 1104 1011 1144 throno
1044 1102 1123 1142 fuit
1154 1112 1318 1142 exactus
1337 1117 1408 1158 per
1422 1101 1524 1140 Bru-

145 1175 231 1203 tum
260 1195 272 1212 ,
305 1163 441 1218 ibique
475 1163 597 1204 vitam
630 1164 752 1217 egisse
785 1164 983 1217 privatam
1007 1193 1018 1212 ,
1054 1160 1184 1201 donec
1217 1176 1237 1201 e
1269 1161 1370 1201 vivis
1402 1173 1528 1200 exces-

143 1222 209 1262 sit.
243 1222 593 1263 Halicarnassaeus
626 1237 720 1263 vero
752 1221 821 1262 lib.
863 1221 956 1260 VII.
1007 1219 1318 1261 Aristodemum
1373 1219 1526 1259 Cuma-

146 1295 238 1320 rum
274 1292 495 1335 tyrannum
539 1280 588 1320 ad
624 1280 745 1320 buius
778 1279 890 1320 urbis
922 1279 1155 1319 dominium
1199 1279 1255 1318 ita
1301 1277 1529 1332 pervenisse

147 1350 295 1380 narrat.
329 1342 424 1392 Quo
457 1349 644 1394 tempore
674 1338 829 1379 bellum
862 1352 1102 1394 persaevum
1151 1338 1256 1377 inter
1302 1338 1527 1389 Etruscos,

143 1407 182 1435 et
214 1397 422 1437 Cumanos
454 1408 594 1437 ortum
617 1428 630 1446 ‚
665 1396 813 1437 nobilis
845 1396 1014 1451 qnidam
1048 1395 1243 1450 divesque
1262 1395 1419 1434 iuvenis
1434 1393 1528 1434 Ari-

145 1626 218 1654 erat
245 1629 349 1666 supra
378 1629 520 1652 arcem:
549 1629 644 1652 nunc
670 1629 782 1665 pauca
812 1616 939 1652 rudera
970 1626 1178 1664 supersunt.
1211 1616 1374 1651 Alterum
1414 1614 1528 1652 huiu-

145 1683 202 1705 sce
231 1666 389 1702 numinis
415 1667 588 1716 templum
620 1682 636 1702 a
666 1667 839 1702 Romanis
868 1667 937 1702 fuit
975 1667 1167 1702 excitatum
1198 1665 1297 1701 haud
1333 1666 1438 1713 longe
1486 1666 1530 1701 ab

146 1733 224 1754 arce
253 1718 413 1753 Cumana
440 1731 448 1752 ·.
479 1718 520 1752 ab
551 1716 716 1752 eiusdem
743 1717 896 1752 fabricae
936 1716 1228 1760 construetione,
1269 1725 1304 1751 et
1344 1730 1361 1750 a
1404 1715 1530 1763 lapidi-

142 1771 210 1805 bus
234 1767 372 1802 Latinis
399 1766 660 1817 characteribus
687 1768 729 1802 ab
757 1766 883 1801 eodem
912 1773 1061 1804 auctore
1089 1767 1234 1815 repertis
1262 1767 1353 1802 clare
1374 1767 1530 1810 eruitur,

147 1818 321 1866 templum
351 1817 491 1851 nonnisi
522 1832 537 1851 a
584 1816 757 1852 Romanis
785 1816 1025 1852 aedificatum.
1051 1817 1147 1852 Inter
1174 1815 1241 1853 alia
1270 1830 1446 1852 marmora
1466 1829 1533 1851 nu-

147 1882 209 1920 per
234 1867 358 1904 effossa
390 1865 456 1901 hoc
484 1866 644 1915 legitur:
1034 1867 1037 1871 '

550 1966 783 2002 APOLLINI
812 1994 820 2002 .
848 1965 1063 2002 CUMANO
1163 1989 1169 1997 ,

548 2017 581 2061 Q
615 2045 621 2052 .
653 2018 855 2054 TlNEIUS
886 2043 895 2052 .
923 2016 1088 2054 RUFUS
1123 2044 1132 2052 .

145 2120 221 2155 Hoc
248 2119 418 2168 templum
449 2118 595 2153 fortasse
623 2131 835 2154 conversum
869 2119 903 2153 in
933 2116 1131 2154 Ecclesiam
1178 2101 1430 2155 Cathedralem
1460 2121 1535 2158 Cu-

147 2182 287 2205 manam
317 2170 511 2205 arbitratur
539 2168 638 2204 idem
672 2175 807 2204 auctor.
836 2168 930 2205 Haec
957 2169 1118 2205 Ecclesia
1145 2166 1262 2204 adhuc
1292 2173 1434 2210 extabat
1471 2186 1534 2207 an-

147 2233 194 2254 no
224 2219 404 2258 MCCVII.
431 2232 504 2268 quo
534 2226 692 2268 tempore
720 2220 912 2255 Anselmus
950 2218 1213 2268 Neapolitanus
1238 2219 1442 2272 Episcolffi
1463 2224 1533 2258 301-

145 2269 258 2305 lemni
286 2283 415 2319 pompa
447 2271 651 2319 Martyrum
679 2270 828 2320 lypsana
858 2284 902 2306 cx
931 2269 998 2306 hac
1026 2270 1114 2306 urbe
1145 2268 1182 2304 in
1228 2269 1395 2309 Castrum
1442 2283 1533 2310 tran--

149 2319 252 2355 stulit
278 2320 538 2358 Lucullanum.
