1920 2579
1423 128 1435 153 1
1458 115 1510 155 23

111 172 230 214 hosce
260 166 481 211 Phoenices
513 163 690 207 Siciliam
745 165 972 208 habitasse:
1021 167 1135 224 isque
1170 183 1251 210 non
1286 169 1403 209 aliam
1460 173 1514 212 ob

113 245 273 272 causam
300 228 342 270 id
374 225 563 269 accidisse
594 223 762 277 scribit,
801 227 874 267 nisi
906 237 953 267 ut
980 229 1274 269 commercium
1317 230 1434 271 uitro
1454 234 1511 272 ci-n

113 300 261 345 troque
297 286 455 329 Siculos
481 284 615 334 inter,
654 294 692 323 et
729 283 891 326 eosdem
925 297 1190 328 exerceretur.
1214 287 1272 327 Ea
1292 303 1388 342 gens
1415 292 1508 331 nul-

113 349 193 389 iam
227 348 346 390 aliam
382 353 539 401 partem
564 353 730 398 'praeter
767 343 943 384 Siciliam
964 376 978 396 ,
1022 344 1131 386 haud
1163 359 1263 387 vero
1309 348 1465 389 ltaliam
1486 383 1499 401 ,

114 418 153 446 et
185 407 397 463 praecipue
433 412 612 443 nostram
638 403 851 458 occupavit
869 403 1168 460 Campaniam,
1201 420 1297 446 cum
1345 421 1392 447 ex
1415 410 1505 449 nul-

113 465 161 505 lis
195 465 236 505 id
267 471 462 518 arguatur
490 463 780 502 monumentis.
817 460 1016 504 Etruscos
1066 463 1203 514 enim,
1247 475 1371 521 atque
1406 466 1502 509 inde

112 522 292 565 Graecos
324 523 403 562 late
430 519 660 560 dominatos
680 519 801 560 fuisse
835 521 997 576 liquet,
1030 522 1272 579 Italiamque
1320 539 1500 579 omnem,

107 591 152 620 ‚et
185 583 307 623 maria
347 579 430 636 ipsa
483 577 558 619 sub
600 577 762 618 illorum
818 579 940 620 fuisse
988 580 1216 635 regimine³
1272 596 1353 623 nou
1402 599 1496 626 vero

114 639 396 682 Phoenicium.
437 636 483 677 Id
511 646 649 678 autem
699 637 792 678 satis
823 648 980 679 constat
1017 655 1063 680 ex
1096 640 1270 682 millenis
1316 651 1498 685 veterum

113 693 358 756 scriptorum
398 695 672 747 testimoniis,
704 706 742 736 et
781 698 997 753 praecipue
1055 700 1097 740 in
1136 709 1271 741 nostra
1323 700 1495 757 Campu-

110 757 208 808 nia;
239 767 443 814 praetereo
482 764 544 799 tot
576 754 686 809 signa
710 786 721 804 ,
754 757 1000 797 numismata
1021 787 1032 809 ,
1069 767 1247 799 vetustas
1296 758 1495 802 ruderum.

111 816 314 868 fabricas,
346 813 633 866 inscriptiones
670 813 777 870 ipsas
808 813 992 856 Etruscis
1025 815 1245 873 insculptas
1280 817 1494 860 characte-

110 875 239 918 ribus.
271 876 328 915 At
383 871 434 913 de
464 870 692 913 Phoeniciis
730 875 1007 915 monumentis
1045 890 1094 916 ne
1147 890 1278 918 unum
1324 877 1494 933 quidem

110 948 241 990 usque
275 931 402 974 modo
449 930 745 982 eruderatum,
785 932 972 987 quamvis
1010 934 1250 976 recentiores
1306 946 1493 978 auctores

108 991 161 1033 de
198 991 292 1048 ipsis
323 1000 384 1032 tot
407 1022 418 1043 ‚
461 1003 507 1029 ac
561 997 674 1030 tanta
708 989 1014 1047 praedicarint²
1066 1003 1109 1033 ut
1141 993 1363 1035 Phoenices
1412 996 1492 1036 Ita-

106 1051 204 1091 liam
235 1060 424 1092 cunctam
459 1046 676 1090 incoluisse
708 1048 855 1104 passim
883 1050 1214 1093 asseveraverint.
1265 1052 1396 1093 Miror
1430 1063 1492 1094 ta-

105 1122 202 1151 men
228 1105 452 1166 Praeclaros
496 1106 721 1163 doctosque
762 1106 963 1162 praefatos
997 1123 1120 1164 supra
1166 1109 1383 1165 scriptores
1430 1112 1483 1154 ad

103 1182 194 1210 eam
226 1167 453 1224 pervenisse
492 1165 721 1217 insaniam,
752 1175 799 1206 ut
816 1166 999 1222 putarint
1016 1181 1097 1208 non
1118 1168 1252 1209 solum
1286 1165 1443 1212 Italiam
1466 1202 1480 1221 ,

104 1239 248 1269 verum
279 1226 400 1266 etiam
433 1226 642 1280 Europam
683 1233 873 1266 cunctam
906 1226 1005 1268 otim
1036 1240 1060 1266 a
1090 1226 1365 1269 Phoenicibus
1415 1229 1486 1271 ha-

106 1286 290 1327 bitatam.
324 1284 446 1326 Unus
481 1298 576 1340 prae
604 1283 744 1324 ceteris
776 1282 965 1325 laudatus
1012 1283 1275 1328 doctissimus
1311 1287 1488 1330 Bochar-

108 1355 176 1386 tus
205 1358 296 1385 eam
345 1352 507 1398 gentem
548 1341 737 1396 Italiam,
769 1341 1024 1393 Graeciam,
1071 1342 1250 1400 aliasque
1309 1346 1490 1401 regiones

111 1402 211 1443 adeo
245 1401 326 1442 suis
358 1400 546 1442 moribus
566 1430 582 1450 ,
619 1409 661 1440 et
681 1399 820 1454 lingua
855 1399 1047 1462 iqbuisse
1079 1401 1218 1443 scribit
1237 1437 1252 1456 ,
1286 1413 1332 1445 ut
1349 1406 1490 1446 omnia

112 1461 163 1501 ad
201 1473 343 1501 eorum
381 1458 530 1500 referat
557 1457 768 1513 originem.
805 1458 866 1500 Re
899 1473 994 1500 sane
1022 1474 1116 1500 vera
1145 1459 1305 1502 nullum
1339 1472 1398 1503 est
1417 1477 1490 1505 no-

109 1534 203 1559 men
237 1518 320 1558 sive
354 1516 562 1559 Graecum
580 1548 592 1569 ,
618 1516 701 1557 sive
732 1526 939 1560 vetustum
960 1518 1264 1573 Tyrrhenicum
1287 1520 1490 1575 Italicum,

108 1575 222 1634 quod
255 1574 307 1615 ad
344 1574 709 1617 Phoenicisismum
751 1575 862 1616 haud
892 1576 1088 1628 reducat3
1124 1577 1220 1618 hinc
1255 1589 1379 1620 estut
1397 1581 1487 1621 nul-

112 1636 148 1677 ia
183 1636 293 1676 natio
328 1644 487 1690 praeter
519 1632 741 1675 Phoenices
771 1648 834 1674 eas
864 1645 982 1676 antea
1018 1634 1215 1677 habitavit
1256 1640 1452 1693 regiones.

225 1693 313 1734 Nos
344 1691 510 1734 interim
545 1691 680 1749 quoad
705 1707 734 1747 qe
766 1708 811 1734 re
843 1705 979 1735 nostra
1014 1695 1114 1746 erit,
1148 1694 1323 1751 probare
1342 1697 1480 1739 soiidis

80 1801 82 1803 ‚
110 1752 287 1793 nitemur
327 1751 575 1805 argumentis
608 1750 622 1806 (
649 1751 776 1791 missis
807 1751 913 1792 enim
953 1752 1139 1793 futilibus
1159 1753 1265 1795 hisce
1283 1756 1483 1811 quaestio-

111 1810 231 1851 nibus
251 1840 263 1859 ,
303 1809 352 1849 ad
385 1811 596 1849 certiorem
616 1810 824 1850 veniemus
842 1809 1052 1852 historiam
1083 1812 1104 1866 >
1136 1814 1328 1854 Etruscos
1351 1829 1486 1870 reapse

110 1869 248 1909 Italiae
272 1867 465 1909 dominos
509 1867 629 1907 fuisse
649 1898 661 1916 ,
694 1880 866 1923 eamque
898 1880 1058 1923 gentem
1093 1868 1391 1912 celeberrimam
1431 1888 1488 1913 ar-

107 1930 211 1978 mis,
249 1926 440 1977 scientiis,
478 1925 623 1976 cultu,
657 1935 699 1967 et
728 1927 883 1968 artibus
918 1942 1076 1984 semper
1112 1929 1288 1970 evasisse.
1324 1930 1486 1972 Nelon=

105 1987 194 2042 gius
230 1985 331 2025 nitra
364 1999 593 2025 ser-monem
642 1986 952 2041 protrahamus,
988 2001 1035 2026 en
1067 1986 1244 2028 breviter
1272 1990 1422 2030 omnia.

217 2044 491 2084 'Etruscorum
525 2058 693 2097 regnum
716 2075 727 2092 ,
765 2055 804 2086 et
840 2046 1063 2102 Imperium
1104 2046 1182 2086 fuit
1200 2050 1384 2089 omnium
1411 2063 1479 2090 ve-

103 2102 369 2143 tustissimum
404 2103 443 2141 in
485 2102 632 2152 Italia;
679 2102 802 2158 idque
850 2115 945 2145 ante
975 2106 1202 2146 Romanam
1257 2108 1477 2161 rempubli-

104 2176 205 2202 cam.
238 2161 328 2201 Hoc
361 2170 618 2217 compertum
657 2172 720 2202 est'
746 2161 793 2203 ex
833 2163 932 2216 ipsis
948 2163 1134 2218 >antiquis
1175 2165 1441 2219 scriptoribus
1461 2201 1476 2222 ,

100 2219 170 2274 qui
202 2219 278 2259 hoc
314 2220 532 2259 memoriae
571 2220 798 2275 prodidere.
836 2222 974 2262 Livius
1016 2222 1122 2261 enini
1162 2223 1217 2261 sic:
1251 2223 1301 2263 de
1333 2239 1380 2265 eo
1424 2237 1478 2266 te-

101 2287 251 2320 statum
290 2275 452 2333 reliquit
468 2277 647 2335 Imperio
682 2277 750 2320 lib.
791 2279 840 2320 V.
876 2296 909 2323 c.
943 2282 1012 2324 33.
1042 2285 1256 2323 Tuscorum
1285 2293 1377 2325 ante
1396 2290 1478 2325 Ro-

1070 2340 1083 2354 ’ὲ
