1920 2579
331 146 414 185 2r6

326 170 427 243 visae
459 201 1044 257 secundumbeneplacitmn
1092 202 1277 243 Domini
1321 200 1664 258 Arekiepiscopi
1689 236 1702 256 ‚

328 271 368 301 et
407 270 559 314 postea
612 260 684 300 ubi
715 261 895 316 fatigati
953 271 1094 302 essent
1113 292 1124 313 ,
1161 259 1404 313 Capitulum
1461 260 1700 302 Ecclesiae

327 318 652 372 „Neapolitanae
715 318 882 370 deferre
942 327 1118 360 tenetur.
1177 317 1303 374 Quod
1351 332 1450 359 eccm
1507 318 1698 360 delacum

314 377 453 426 fuerit
488 376 548 416 acl
585 375 745 416 dictam
776 375 1052 428 Ecclesiam,
1090 377 1187 418 etin
1220 379 1359 417 altare
1375 385 1696 419 reverenter.....

323 435 552 488 repositum
574 463 587 483 ,
631 432 834 475 ‘dominus
886 434 1254 490 Arclziepiscopus
1292 433 1405 474 vadit
1460 440 1498 475 in
1544 434 1697 474 sedem

322 506 472 542 suam,
507 501 546 532 et
583 492 730 547 incipit
752 493 804 536 V
799 507 975 548 asper-as
995 522 1197 534 ......
1232 492 1463 547 Episcopis
1487 522 1498 542 ,
1532 501 1572 531 ec
1605 491 1697 532 Ab·

322 552 485 591 batibus
515 549 807 609 suffraganeis
826 554 1028 593 stantibus
1065 551 1108 591 in
1149 551 1320 602 stallis,
1355 565 1431 591 seco
1450 551 1556 591 locis
1589 564 1694 590 con-

322 610 467 650 suetis.
994 608 999 613 ⁸

437 668 606 709 Festum
641 666 782 717 aliud,
814 665 923 724 quod
954 678 977 707 a
1010 665 1289 722 Neapolitanis
1320 665 1362 706 in
1402 666 1443 706 S.
1497 663 1697 722 Martyris·

318 725 523 767 honorem
557 726 819 775 celebratur,
853 734 913 767 est
945 724 1225 779 patrocinium
1258 723 1369 782 quod
1401 722 1542 766 incidit
1558 722 1692 765 XVII.

319 785 412 827 Kal.
446 787 605 826 Ianuar.
637 783 827 842 quodque
858 783 1061 838 originem
1096 782 1217 824 habet
1251 799 1272 824 a
1305 782 1543 825 Vesuviana
1601 795 1694 823 con·

318 842 558 897 flagratione
592 840 856 885 memoranda
888 841 984 883 anni
1019 840 1297 883 MDCXXXI.
1336 841 1446 882 Hinc
1499 837 1692 896 Neapoli·

322 902 407 942 tani
440 901 482 942 in
529 900 630 942 tanti
661 900 850 943 beneficii
898 901 1055 956 accepti
1091 901 1332 941 memoriam
1388 898 1448 941 ob
1480 898 1626 940 urbem
1670 912 1694 938 a

319 958 497 1001 flammis
528 969 731 1001 servatam
752 989 765 1008 ,
796 958 1014 1016 quotannis
1049 957 1198 1000 festum
1229 956 1337 999 diem
1369 957 1411 998 in
1447 958 1496 998 D.
1543 958 1689 998 Ianua*

320 1017 372 1058 rii
406 1016 605 1059 honorem
640 1016 937 1061 instituendum
975 1026 1185 1058 curarunt.
1217 1016 1279 1057 Ea
1309 1016 1436 1073 igitur
1467 1025 1562 1057 sunt
1591 1014 1693 1056 festa

323 1075 366 1116 in
401 1075 574 1118 huiusce
620 1076 816 1132 Martyris
849 1075 1092 1117 memoriam
1124 1089 1198 1130 per
1229 1074 1324 1117 anni
1357 1089 1524 1118 cursum
1546 1088 1568 1115 a
1590 1075 1696 1114 Nea·

319 1132 517 1189 politanis
549 1133 765 1176 celebrata.

438 1191 491 1231 ΙΙ.
523 1192 575 1231 D.
607 1189 874 1241 Ianuarium,
924 1190 1142 1246 Sociosque
1193 1189 1327 1246 capite
1377 1191 1513 1247 plexos
1566 1202 1691 1245 supra

321 1247 502 1291 Vulcani
533 1251 718 1298 Forum,
759 1262 983 1305 eorumque
1016 1261 1191 1304 corpora
1227 1247 1381 1290 ibidem
1403 1247 1602 1289 tumulata
1637 1260 1688 1286 ex

318 1306 435 1351 Actis
467 1306 591 1350 fuisse
623 1314 793 1363 constat.
824 1304 871 1346 Id
903 1305 1013 1347 enim
1043 1305 1231 1347 hauritur
1263 1320 1311 1347 ex
1342 1305 1457 1347 Actis
1495 1303 1561 1361 (1)
1613 1305 1688 1346 Bo-

417 1527 476 1577 (ι)
503 1515 711 1563 Sabatinius
737 1525 820 1562 Kal.
848 1525 964 1574 Neap.
993 1510 1092 1561 tom!
1111 1525 1183 1561 IX.
1212 1536 1299 1575 pag.
1329 1526 1439 1574 δίῃ-ει
1466 1539 1567 1576 seqq.
1597 1524 1685 1561 Acta

302 1577 357 1617 >S.
386 1577 540 1613 Ianuarii
567 1590 586 1613 e
612 1575 837 1612 Bibliotheca
862 1575 1081 1610 Bononiensi
1109 1576 1255 1611 collecta
1284 1578 1467 1613 erroribus
1507 1584 1641 1613 scatere
1669 1601 1683 1619 ,

315 1634 350 1662 et
377 1627 461 1663 inde
487 1626 571 1674 ipsis
598 1625 694 1662 haud
719 1624 829 1661 fidem
856 1638 930 1660 esse
957 1624 1114 1661 dandam
1142 1624 1263 1661 credit.
1289 1626 1331 1660 In
1357 1628 1452 1663 Actis
1479 1637 1565 1665 vero
1609 1624 1684 1660 Va-

311 1679 438 1713 ticanis
464 1678 513 1712 sic
549 1677 714 1726 legitur:
757 1674 874 1722 Quem
897 1677 1016 1723 primo
1043 1677 1056 1720 (
1083 1688 1168 1710 cum
1196 1687 1309 1710 sermo
1353 1676 1396 1712 de
1423 1677 1464 1714 S.
1514 1675 1684 1716 Ianuario

312 1727 516 1763 instituitur
544 1726 558 1773 )
586 1725 734 1775 quidem
757 1726 795 1760 in
819 1725 923 1768 Ζοσο,
954 1725 1022 1772 qui
1045 1725 1254 1774 appellatur·
1276 1725 1474 1764 Marciano
1491 1755 1501 1772 ,
1530 1724 1682 1760 abscon-

310 1776 458 1814 derunt.
487 1777 557 1811 Per
583 1775 735 1812 verbum
761 1773 1032 1810 absconderunt
1059 1775 1154 1810 idem
1181 1781 1307 1810 auctor
1342 1775 1447 1812 docte
1487 1774 1642 1813 ostendit
1668 1801 1680 1817 ,

311 1825 411 1862 haud
437 1826 625 1875 significari
652 1824 877 1868 Ecclesiam,
901 1837 993 1874 qua-e
1017 1826 1056 1860 in
1081 1824 1203 1860 Sancti
1230 1825 1393 1874 Martyris
1419 1825 1593 1864 honorem
1610 1825 1682 1861 fuit

313 1884 429 1912 erecta
455 1879 493 1912 in
522 1875 598 1911 loco
624 1874 718 1912 dicto
744 1874 928 1911 Marciano
944 1902 954 1919 ‚
982 1875 1044 1911 sed
1070 1873 1252 1923 sepultum
1279 1874 1370 1911 clam
1392 1904 1402 1921 .,
1431 1883 1466 1912 et
1505 1877 1679 1912 festinan-

312 1934 367 1961 ter
393 1928 470 1965 sine
495 1923 616 1974 aliquo
643 1934 880 1963 monumento
902 1952 913 1969 ‚
941 1937 987 1960 ne
1011 1925 1055 1960 ab
1080 1924 1230 1960 ethnicis
1257 1924 1347 1961 foret
1375 1925 1559 1963 detectus:
1599 1931 1680 1960 tan-

311 1981 390 2011 tum
415 1978 516 2025 signa
544 1976 591 2011 ab
616 1974 742 2013 iisdem
767 1973 976 2011 Christianis
1003 1973 1140 2010 ibidem
1166 1976 1322 2023 apposita
1352 1974 1460 2012 fuisse
1489 1977 1581 2013 fama
1610 1981 1678 2018 est,

307 2034 350 2060 ut
375 2025 545 2076 temporis
571 2037 761 2075 progressu
786 2053 797 2072 ‚
826 2035 862 2062 et
888 2036 972 2074 pace
998 2024 1180 2060 Ecclesiae
1219 2024 1354 2060 reddita
1371 2053 1382 2070 ‚
1418 2025 1541 2061 eadem
1579 2024 1680 2059 dete-

312 2083 491 2121 gerentur.
516 2075 615 2112 Idem
641 2076 812 2113 accidisse
846 2076 885 2112 S.
921 2074 1119 2111 Saturnino
1160 2075 1311 2123 Martyri
1331 2101 1342 2118 ‚
1381 2081 1416 2110 et
1443 2076 1620 2124 Episcopo
1655 2087 1678 2108 av

312 2124 487 2163 Ruinarto
513 2134 701 2171 narratur,
730 2129 784 2163 uti
810 2125 923 2175 liquet
949 2137 997 2160 ex
1025 2125 1102 2160 eius
1129 2123 1226 2160 Actis
1254 2125 1301 2159 ab
1326 2124 1393 2159 hoc
1420 2133 1564 2161 auctore
1591 2124 1678 2159 alla-

315 2175 360 2210 tis
386 2188 465 2224 pag.
499 2175 581 2212 13¹.
609 2175 680 2211 Sed
706 2176 794 2213 Acta
819 2174 1060 2212 Bononiensia
1088 2175 1102 2220 (
1128 2182 1168 2211 ut
1195 2180 1276 2210 ante
1306 2173 1459 2210 diximus
1485 2179 1498 2219 )
1543 2186 1679 2210 memo—

314 2223 387 2261 riae
414 2224 601 2274 produnt,
628 2224 848 2263 Christianos
876 2231 953 2274 post
978 2224 1124 2272 aliquod
1151 2224 1318 2272 temporis
1346 2223 1462 2259 eidem
1490 2225 1681 2260 Basilicam

319 2275 468 2312 erexisse
494 2276 529 2310 in
558 2274 634 2324 ipso
660 2275 740 2313 loco
768 2276 974 2318 Marciano,·
1002 2273 1113 2310 Beati
1137 2275 1320 2322 Martyris
1348 2273 1515 2311 Ianuarii
1542 2275 1679 2326 Basilif
