1920 2579
339 117 389 159 16

335 175 477 225 fallor,
510 172 587 216 sub
619 173 763 217 eodem
797 175 1026 231 regimine,
1064 176 1210 232 nempe
1233 177 1468 228 Praefecto,
1489 177 1575 233 'qui
1609 190 1707 235 qu'o-

334 232 463 274 tannis
496 234 627 274 Roma
663 234 913 275 mittebatur.
951 238 1005 277 At
1028 235 1191 276 tandem
1216 237 1362 276 Caesar
1396 235 1460 292 (ι)
1497 251 1590 276 cum
1615 252 1704 278 con-

333 292 393 332 sul
429 292 611 347 primum
662 293 740 332 fuit
789 307 896 333 anno
931 294 981 334 ab
1013 295 1066 335 V.
1098 295 1145 335 C.
1180 294 1397 335 DCXCIV
1436 296 1559 349 legem
1613 296 1707 336 tulit

332 359 378 389 ut
410 351 644 406 Campanus
675 366 768 405 ager
801 351 905 407 plebi
939 352 1220 402 divideretur,
1254 367 1415 395 suasore
1450 354 1543 408 legis
1584 351 1705 394 Pom·

333 408 454 463 peio1
488 419 526 449 et
557 409 612 448 ita
646 410 806 451 circiter
839 412 977 466 viginti
1012 409 1137 452 millia
1168 411 1320 452 civium
1353 427 1400 452 eo
1435 412 1658 467 adsportati
1681 445 1695 464 ,

332 477 370 506 et
400 467 455 506 ita
487 467 548 507 ius
580 467 630 508 ab
666 469 807 510 iisdem
842 472 1075 512 restitutum
1110 480 1201 526 post
1233 485 1359 511 annos
1378 470 1537 511 circiter
1572 471 1701 515 CLII.

332 539 458 580 quam
490 541 510 566 a
542 527 697 568 Punico
729 529 910 571 secundo
944 530 1049 571 bello
1066 529 1116 570 ab
1138 529 1335 570 Romanis
1355 531 1493 586 Capua
1519 530 1558 569 in
1582 530 1701 571 Prae-

332 584 515 626 fecturae
547 585 726 627 formam
759 598 843 629 erat
895 588 1070 632 redactur
1119 588 1234 628 Idem
1267 587 1413 629 Caesar
1462 586 1561 629 XX.
1596 589 1706 632 viros

332 645 514 694 creavit,
553 654 599 684 ut
631 644 842 688 divisionis
888 648 1086 688 haberent
1134 662 1289 689 curam.
1325 647 1386 687 Ita
1420 661 1467 687 eo
1518 657 1702 702 tempore

333 717 416 757 quo
450 702 590 758 Capua
623 703 701 743 fuit
736 704 892 746 colonia
913 738 925 755 ,
958 706 1010 745 ad
1042 705 1261 744 maximum
1283 704 1603 758 magnificentiae
1630 716 1708 745 sta-

333 769 421 799 tum
458 760 536 799 fuit
570 760 763 801 redacta:
798 778 892 803 nam
928 763 1101 804 Romani
1138 773 1237 801 tune
1268 762 1386 817 plura
1433 759 1711 802 condiderunt

335 816 531 858 aedificia.
564 818 690 859 Haud
724 819 776 860 ita
811 835 906 861 vero
940 821 1116 861 evenisse
1149 821 1382 871 Corintho,
1420 830 1459 860 et
1501 820 1709 876 Carthagi·

332 876 373 916 ni
407 890 501 916 cum
536 886 677 931 captae
709 876 822 918 fuere
847 909 858 926 ,
892 890 1031 919 narrat
1062 878 1241 917 historia.
1275 881 1369 919 Iure
1404 878 1525 932 igitur
1568 881 1710 920 merito

332 934 482 975 Caesar
512 934 621 975 idem
657 933 769 974 haud
804 934 1023 986 dubitavit,
1056 937 1157 992 quin
1189 934 1373 992 Capuam
1409 934 1705 993 amplissimam

333 1004 372 1033 et
405 992 779 1047 frequentissimam
814 992 1030 1035 deduceret
1064 993 1297 1035 Coloniam.
1318 998 1370 1036 Et
1389 996 1598 1048 Augustus
1616 1007 1708 1048 post

333 1050 582 1093 debeliatum
619 1053 726 1094 Sext.
778 1053 1059 1108 Pompeium,
1118 1066 1242 1093 novos
1275 1053 1461 1093 adiunxit
1491 1048 1661 1094 colones
1696 1089 1710 1108 ,

334 1126 416 1166 quo
452 1110 605 1150 factum
640 1119 697 1150 est
722 1141 734 1159 ,
766 1119 814 1151 ut
845 1126 985 1151 rursus
1018 1109 1161 1151 nobilis
1182 1142 1193 1159 ,
1225 1121 1350 1167 atque
1382 1112 1602 1167 conspicua
1620 1127 1707 1151 eva-

332 1168 443 1210 serit.
482 1167 523 1208 Si
557 1183 653 1224 ergo
697 1167 832 1210 denuo
880 1169 1045 1209 celebris
1078 1169 1171 1220 suit,
1206 1171 1368 1210 Caesari
1411 1171 1708 1211 incrementum

332 1226 474 1268 debuit
495 1259 507 1276 ‚
540 1230 609 1282 qui
641 1226 752 1268 illam
783 1231 908 1269 Iuliae
937 1228 1092 1270 Felicis
1125 1228 1290 1270 nomine
1340 1227 1556 1269 dedicavit.
1601 1230 1709 1269 Hinc

336 1286 517 1327 aedificia
551 1286 606 1327 ibi
640 1297 768 1327 erecta
800 1286 912 1328 fuere
946 1297 1027 1328 tam
1064 1287 1270 1342 magnifica
1293 1318 1306 1338 ,
1345 1297 1391 1328 ut
1424 1301 1520 1330 cum
1566 1287 1706 1328 Roma·

339 1360 389 1385 na
424 1355 588 1402 possent
619 1346 827 1386 maiestate
858 1345 1000 1401 utique
1031 1344 1248 1388 decertare.
1285 1347 1474 1387 Testatur
1494 1345 1601 1385 enim
1632 1345 1709 1386 hoe

336 1404 685 1460 amphitheatrum
722 1404 855 1446 adhuc
888 1420 1163 1447 marmoreum
1184 1437 1199 1456 ,
1236 1405 1348 1462 quod
1368 1403 1711 1460 magnificentiam

336 1462 564 1520 praesefert.

98 1525 320 1577 Aniqusgurbis
467 1524 700 1579 Antequam
736 1538 906 1565 manum
936 1523 986 1564 de
1020 1522 1184 1574 tabula,
1217 1521 1436 1564 dicendum
1471 1531 1607 1572 restat,
1630 1536 1712 1577 quo

195 1568 268 1591 Νη
344 1581 386 1621 in
422 1581 511 1621 loco
546 1581 669 1621 fuerit
701 1581 800 1622 olim
831 1583 906 1623 sita
940 1583 1036 1622 haec
1071 1582 1201 1631 urbs3
1232 1593 1271 1622 et
1302 1581 1353 1622 de
1371 1595 1496 1621 novae
1529 1589 1707 1621 auctore.

337 1639 481 1681 Livius
499 1639 566 1679 lib,
585 1639 739 1680 XXVI.
760 1640 810 1680 ad
842 1640 1019 1681 Tifatam
1043 1650 1223 1680 montem
1247 1640 1363 1680 sitam
1389 1637 1580 1688 declarat3
1598 1640 1714 1680 Hand

339 1699 448 1740 nibal
478 1704 518 1740 in
557 1700 654 1739 valle
686 1701 839 1740 occulta
867 1709 963 1755 post
1008 1700 1189 1751 Tifatam
1237 1707 1405 1741 montem
1448 1703 1712 1739 imminentem

341 1761 504 1814 Capuae
539 1760 720 1799 consedit.
769 1759 827 1798 At
873 1757 1098 1798 videndum
1143 1757 1312 1813 quinam
1360 1757 1447 1797 heic
1488 1755 1538 1796 sit
1570 1756 1704 1796 Tifata

442 1964 499 2013 (ι)
527 1963 625 1999 Duas
652 1963 855 2013 Campanae
898 1963 1072 1999 Coloniae
1100 1961 1330 1998 deductiones
1373 1967 1456 1997 ante
1492 1961 1623 1997 Caium
1650 1960 1712 1996 Iu·-

343 2015 433 2050 lium
462 2022 648 2049 enumerat
674 2014 881 2050 Mazochius
909 2013 952 2048 de
979 2012 1111 2061 Amph.
1140 2012 1264 2061 Camp.
1295 2025 1328 2047 c.
1360 2025 1392 2047 1.
1422 2012 1523 2056 Quas
1559 2010 1708 2060 quidem

344 2064 576 2100 deductiones
605 2077 677 2098 non
708 2076 834 2114 magno
860 2063 1051 2099 intervallo
1081 2065 1172 2099 inter
1221 2075 1257 2098 se
1287 2062 1321 2097 in
1364 2062 1548 2098 Ciceronis
1585 2064 1706 2098 iuven-

341 2121 418 2150 tute
444 2113 611 2149 accidisse
639 2114 813 2149 existimat
842 2113 939 2149 idem
966 2120 1102 2151 auctor.
1132 2113 1217 2149 Una
1246 2122 1297 2148 est
1326 2113 1384 2149 illa
1412 2114 1463 2150 M.
1482 2112 1612 2156 Bruti,
1641 2125 1705 2148 cu-

338 2166 394 2200 ius
422 2177 684 2213 saepenumero
713 2164 807 2200 idem
830 2164 980 2200 'Tullius
1021 2164 1184 2200 meminit
1222 2163 1257 2198 in
1286 2164 1410 2212 Agrar.
1439 2169 1473 2200 et
1514 2163 1706 2213 praecipue

341 2228 444 2250 num.
471 2214 531 2258 34.
560 2215 679 2251 Altera
707 2224 759 2250 est
784 2215 824 2250 L.
854 2214 1009 2250 Cornelii
1037 2214 1182 2265 Syllae,
1212 2213 1274 2264 qui
1303 2215 1440 2263 primus
1484 2211 1702 2256 militaribus

345 2265 508 2302 Coloniis
536 2265 673 2302 Italiam
701 2264 879 2314 replevit,
908 2272 942 2303 et
979 2264 1140 2315 Capuam
1169 2269 1391 2316 praesertim.
