<?xml version="1.0" encoding="UTF-8"?>
<!DOCTYPE html PUBLIC "-//W3C//DTD XHTML 1.0 Transitional//EN"
    "http://www.w3.org/TR/xhtml1/DTD/xhtml1-transitional.dtd">
<html xmlns="http://www.w3.org/1999/xhtml" xml:lang="en" lang="en">
 <head>
  <title>
</title>
<meta http-equiv="Content-Type" content="text/html;charset=utf-8" />
  <meta name='ocr-system' content='tesseract 3.04.00' />
  <meta name='ocr-capabilities' content='ocr_page ocr_carea ocr_par ocr_line ocrx_word'/>
</head>
<body>
  <div class='ocr_page' id='page_1' title='image "./universiaecampan01laur/universiaecampan01laur_0356.png"; bbox 0 0 1920 2579; ppageno 0'>
   <div class='ocr_carea' id='block_1_1' title="bbox 146 1633 230 1661">
    <p class='ocr_par' dir='ltr' id='par_1_1' title="bbox 146 1633 230 1661">
     <span class='ocr_line' id='line_1_1' title="bbox 146 1633 230 1661; baseline 0 -1"><span class='ocrx_word' id='word_1_1' title='bbox 146 1633 230 1661; x_wconf 50' lang='lat' dir='ltr'>baiam</span> 
     </span>
    </p>
   </div>
   <div class='ocr_carea' id='block_1_2' title="bbox 315 87 373 140">
    <p class='ocr_par' dir='ltr' id='par_1_2' title="bbox 315 87 373 140">
     <span class='ocr_line' id='line_1_2' title="bbox 315 87 373 140; baseline 0 0"><span class='ocrx_word' id='word_1_2' title='bbox 315 87 373 140; x_wconf 82' lang='grc'>’54</span> 
     </span>
    </p>
   </div>
   <div class='ocr_carea' id='block_1_3' title="bbox 307 140 1692 1127">
    <p class='ocr_par' dir='ltr' id='par_1_3' title="bbox 314 140 1691 433">
     <span class='ocr_line' id='line_1_3' title="bbox 318 140 1691 206; baseline 0 -19"><span class='ocrx_word' id='word_1_3' title='bbox 318 145 396 206; x_wconf 79' lang='lat' dir='ltr'>qui</span> <span class='ocrx_word' id='word_1_4' title='bbox 423 143 571 187; x_wconf 78' lang='lat' dir='ltr'>talium</span> <span class='ocrx_word' id='word_1_5' title='bbox 597 156 831 197; x_wconf 75' lang='lat' dir='ltr'>procerum</span> <span class='ocrx_word' id='word_1_6' title='bbox 865 150 964 184; x_wconf 80' lang='lat' dir='ltr'>sunt</span> <span class='ocrx_word' id='word_1_7' title='bbox 993 140 1215 183; x_wconf 73' lang='lat' dir='ltr'>haeredes.</span> <span class='ocrx_word' id='word_1_8' title='bbox 1249 141 1346 184; x_wconf 80' lang='lat' dir='ltr'>Hoc</span> <span class='ocrx_word' id='word_1_9' title='bbox 1379 157 1509 184; x_wconf 81' lang='lat' dir='ltr'>unum</span> <span class='ocrx_word' id='word_1_10' title='bbox 1561 159 1691 187; x_wconf 75' lang='lat' dir='ltr'>nosse</span> 
     </span>
     <span class='ocr_line' id='line_1_4' title="bbox 318 200 1687 256; baseline 0 -10"><span class='ocrx_word' id='word_1_11' title='bbox 318 206 372 247; x_wconf 80' lang='lat' dir='ltr'>sit</span> <span class='ocrx_word' id='word_1_12' title='bbox 402 205 506 245; x_wconf 82' lang='lat' dir='ltr'>satis</span> <span class='ocrx_word' id='word_1_13' title='bbox 528 234 539 253; x_wconf 93' lang='lat'><strong>‚</strong></span> <span class='ocrx_word' id='word_1_14' title='bbox 574 202 895 256; x_wconf 76' lang='lat' dir='ltr'><em>Imperatorum</em></span> <span class='ocrx_word' id='word_1_15' title='bbox 914 231 928 250; x_wconf 90' lang='lat'><em>,</em></span> <span class='ocrx_word' id='word_1_16' title='bbox 968 200 1228 241; x_wconf 76' lang='lat' dir='ltr'>Dictator-um</span> <span class='ocrx_word' id='word_1_17' title='bbox 1247 232 1257 252; x_wconf 87' lang='lat'>,</span> <span class='ocrx_word' id='word_1_18' title='bbox 1291 216 1345 242; x_wconf 84' lang='lat' dir='ltr'>ac</span> <span class='ocrx_word' id='word_1_19' title='bbox 1380 203 1687 246; x_wconf 73' lang='lat' dir='ltr'><em>Consularium</em></span> 
     </span>
     <span class='ocr_line' id='line_1_5' title="bbox 320 259 1688 317; baseline -0.003 -11"><span class='ocrx_word' id='word_1_20' title='bbox 320 261 531 306; x_wconf 77' lang='lat' dir='ltr'><em>Virorum</em></span> <span class='ocrx_word' id='word_1_21' title='bbox 561 260 864 301; x_wconf 76' lang='lat' dir='ltr'>selectissimos</span> <span class='ocrx_word' id='word_1_22' title='bbox 881 259 1029 309; x_wconf 59' lang='lat' dir='ltr'>finisse</span> <span class='ocrx_word' id='word_1_23' title='bbox 1065 273 1262 299; x_wconf 73' lang='lat' dir='ltr'>recessus</span> <span class='ocrx_word' id='word_1_24' title='bbox 1285 290 1297 310; x_wconf 87' lang='lat'>‚</span> <span class='ocrx_word' id='word_1_25' title='bbox 1349 259 1557 317; x_wconf 76' lang='lat' dir='ltr'>quidquid</span> <span class='ocrx_word' id='word_1_26' title='bbox 1604 262 1688 302; x_wconf 77' lang='lat' dir='ltr'>lzoc</span> 
     </span>
     <span class='ocr_line' id='line_1_6' title="bbox 315 318 1674 373; baseline -0.002 -11"><span class='ocrx_word' id='word_1_27' title='bbox 315 322 359 362; x_wconf 86' lang='lat' dir='ltr'>in</span> <span class='ocrx_word' id='word_1_28' title='bbox 391 330 527 361; x_wconf 78' lang='lat' dir='ltr'>tractu</span> <span class='ocrx_word' id='word_1_29' title='bbox 547 351 559 369; x_wconf 92' lang='lat'><strong>,</strong></span> <span class='ocrx_word' id='word_1_30' title='bbox 591 327 664 358; x_wconf 80' lang='lat' dir='ltr'>aut</span> <span class='ocrx_word' id='word_1_31' title='bbox 695 318 852 371; x_wconf 78' lang='lat' dir='ltr'>cymba</span> <span class='ocrx_word' id='word_1_32' title='bbox 875 320 1099 373; x_wconf 77' lang='lat' dir='ltr'>percurris</span> <span class='ocrx_word' id='word_1_33' title='bbox 1116 347 1130 367; x_wconf 85' lang='lat'><em>,</em></span> <span class='ocrx_word' id='word_1_34' title='bbox 1169 326 1242 358; x_wconf 75' lang='lat' dir='ltr'>cmc</span> <span class='ocrx_word' id='word_1_35' title='bbox 1292 318 1431 358; x_wconf 76' lang='lat' dir='ltr'>oculis</span> <span class='ocrx_word' id='word_1_36' title='bbox 1478 319 1638 360; x_wconf 72' lang='lat' dir='ltr'>lustras</span> <span class='ocrx_word' id='word_1_37' title='bbox 1658 351 1674 370; x_wconf 84' lang='lat'><em>,</em></span> 
     </span>
     <span class='ocr_line' id='line_1_7' title="bbox 314 375 799 433; baseline -0.012 -13"><span class='ocrx_word' id='word_1_38' title='bbox 314 389 388 420; x_wconf 81' lang='lat' dir='ltr'>aut</span> <span class='ocrx_word' id='word_1_39' title='bbox 410 378 594 433; x_wconf 77' lang='lat' dir='ltr'>pedibus</span> <span class='ocrx_word' id='word_1_40' title='bbox 619 375 799 431; x_wconf 83' lang='lat' dir='ltr'>premis.</span> 
     </span>
    </p>

    <p class='ocr_par' dir='ltr' id='par_1_4' title="bbox 307 431 1692 1127">
     <span class='ocr_line' id='line_1_8' title="bbox 431 431 1685 490; baseline -0.001 -15"><span class='ocrx_word' id='word_1_41' title='bbox 431 436 561 490; x_wconf 79' lang='lat' dir='ltr'>Supra</span> <span class='ocrx_word' id='word_1_42' title='bbox 593 435 686 474; x_wconf 86' lang='lat' dir='ltr'>litus</span> <span class='ocrx_word' id='word_1_43' title='bbox 718 433 915 475; x_wconf 81' lang='lat' dir='ltr'><strong>Baianum</strong></span> <span class='ocrx_word' id='word_1_44' title='bbox 946 448 1054 476; x_wconf 87' lang='lat' dir='ltr'>nunc</span> <span class='ocrx_word' id='word_1_45' title='bbox 1085 431 1344 473; x_wconf 82' lang='lat' dir='ltr'>considamus</span> <span class='ocrx_word' id='word_1_46' title='bbox 1376 443 1567 488; x_wconf 79' lang='lat' dir='ltr'>oportet,</span> <span class='ocrx_word' id='word_1_47' title='bbox 1601 449 1685 490; x_wconf 87' lang='lat' dir='ltr'>quo</span> 
     </span>
     <span class='ocr_line' id='line_1_9' title="bbox 312 492 1685 548; baseline -0.001 -13"><span class='ocrx_word' id='word_1_48' title='bbox 312 494 392 535; x_wconf 75' lang='lat' dir='ltr'>illic</span> <span class='ocrx_word' id='word_1_49' title='bbox 424 492 634 548; x_wconf 79' lang='lat' dir='ltr'>magnifica</span> <span class='ocrx_word' id='word_1_50' title='bbox 664 493 759 533; x_wconf 85' lang='lat' dir='ltr'>artis</span> <span class='ocrx_word' id='word_1_51' title='bbox 792 502 1089 540; x_wconf 79' lang='lat' dir='ltr'>monumenta,</span> <span class='ocrx_word' id='word_1_52' title='bbox 1125 506 1229 546; x_wconf 82' lang='lat' dir='ltr'>quae</span> <span class='ocrx_word' id='word_1_53' title='bbox 1263 502 1429 542; x_wconf 73' lang='lat' dir='ltr'>restant,</span> <span class='ocrx_word' id='word_1_54' title='bbox 1467 493 1685 546; x_wconf 74' lang='lat' dir='ltr'>periustre-</span> 
     </span>
     <span class='ocr_line' id='line_1_10' title="bbox 311 548 1684 608; baseline -0.001 -15"><span class='ocrx_word' id='word_1_55' title='bbox 311 567 434 593; x_wconf 85' lang='lat' dir='ltr'>mus:</span> <span class='ocrx_word' id='word_1_56' title='bbox 468 553 637 608; x_wconf 84' lang='lat' dir='ltr'>piscium</span> <span class='ocrx_word' id='word_1_57' title='bbox 670 548 1403 606; x_wconf 64' lang='lat' dir='ltr'>exquisitissimorum‘adfluentium,</span> <span class='ocrx_word' id='word_1_58' title='bbox 1437 548 1490 588; x_wconf 86' lang='lat' dir='ltr'>ibi</span> <span class='ocrx_word' id='word_1_59' title='bbox 1524 550 1684 605; x_wconf 81' lang='lat' dir='ltr'>elegan-</span> 
     </span>
     <span class='ocr_line' id='line_1_11' title="bbox 311 605 1692 664; baseline -0.001 -13"><span class='ocrx_word' id='word_1_60' title='bbox 311 622 395 652; x_wconf 84' lang='lat' dir='ltr'>tem</span> <span class='ocrx_word' id='word_1_61' title='bbox 438 609 605 651; x_wconf 83' lang='lat' dir='ltr'>collium</span> <span class='ocrx_word' id='word_1_62' title='bbox 654 609 894 664; x_wconf 76' lang='lat' dir='ltr'>positionem</span> <span class='ocrx_word' id='word_1_63' title='bbox 921 639 934 658; x_wconf 90' lang='lat'><strong>‚</strong></span> <span class='ocrx_word' id='word_1_64' title='bbox 986 622 1187 663; x_wconf 79' lang='lat' dir='ltr'>aquarum</span> <span class='ocrx_word' id='word_1_65' title='bbox 1233 605 1453 646; x_wconf 77' lang='lat' dir='ltr'>calidarum</span> <span class='ocrx_word' id='word_1_66' title='bbox 1504 607 1692 661; x_wconf 79' lang='lat' dir='ltr'>fugandis</span> 
     </span>
     <span class='ocr_line' id='line_1_12' title="bbox 309 663 1685 723; baseline -0.003 -14"><span class='ocrx_word' id='word_1_67' title='bbox 309 668 465 710; x_wconf 85' lang='lat' dir='ltr'>morbis</span> <span class='ocrx_word' id='word_1_68' title='bbox 495 677 820 723; x_wconf 82' lang='lat' dir='ltr'>opportunarum</span> <span class='ocrx_word' id='word_1_69' title='bbox 849 667 1039 720; x_wconf 54' lang='lat' dir='ltr'>copiamg</span> <span class='ocrx_word' id='word_1_70' title='bbox 1073 665 1128 704; x_wconf 83' lang='lat' dir='ltr'>ibi</span> <span class='ocrx_word' id='word_1_71' title='bbox 1162 675 1219 705; x_wconf 77' lang='lat' dir='ltr'>tot</span> <span class='ocrx_word' id='word_1_72' title='bbox 1253 663 1363 704; x_wconf 75' lang='lat' dir='ltr'>villas</span> <span class='ocrx_word' id='word_1_73' title='bbox 1413 665 1562 718; x_wconf 84' lang='lat' dir='ltr'>passim</span> <span class='ocrx_word' id='word_1_74' title='bbox 1611 683 1685 708; x_wconf 87' lang='lat' dir='ltr'>uo-</span> 
     </span>
     <span class='ocr_line' id='line_1_13' title="bbox 308 720 1685 780; baseline -0.007 -12"><span class='ocrx_word' id='word_1_75' title='bbox 308 726 504 768; x_wconf 84' lang='lat' dir='ltr'>bilissimo</span> <span class='ocrx_word' id='word_1_76' title='bbox 534 739 656 779; x_wconf 87' lang='lat' dir='ltr'>opere</span> <span class='ocrx_word' id='word_1_77' title='bbox 687 733 908 764; x_wconf 81' lang='lat' dir='ltr'>exstructas</span> <span class='ocrx_word' id='word_1_78' title='bbox 941 723 1259 779; x_wconf 82' lang='lat' dir='ltr'><strong>perspiciemus:</strong></span> <span class='ocrx_word' id='word_1_79' title='bbox 1294 720 1364 761; x_wconf 82' lang='lat' dir='ltr'>sed</span> <span class='ocrx_word' id='word_1_80' title='bbox 1395 721 1469 761; x_wconf 77' lang='lat' dir='ltr'>alia</span> <span class='ocrx_word' id='word_1_81' title='bbox 1503 737 1552 763; x_wconf 82' lang='lat' dir='ltr'>ex</span> <span class='ocrx_word' id='word_1_82' title='bbox 1597 739 1685 780; x_wconf 71' lang='lat' dir='ltr'>par.</span> 
     </span>
     <span class='ocr_line' id='line_1_14' title="bbox 309 779 1691 836; baseline 0.001 -14"><span class='ocrx_word' id='word_1_83' title='bbox 309 796 348 824; x_wconf 69' lang='lat' dir='ltr'>te</span> <span class='ocrx_word' id='word_1_84' title='bbox 377 784 482 824; x_wconf 86' lang='lat' dir='ltr'>hane</span> <span class='ocrx_word' id='word_1_85' title='bbox 514 782 656 823; x_wconf 81' lang='lat' dir='ltr'>urbem</span> <span class='ocrx_word' id='word_1_86' title='bbox 689 792 807 836; x_wconf 83' lang='lat' dir='ltr'>turpe</span> <span class='ocrx_word' id='word_1_87' title='bbox 839 781 1033 822; x_wconf 81' lang='lat' dir='ltr'>vitiorum</span> <span class='ocrx_word' id='word_1_88' title='bbox 1078 779 1345 820; x_wconf 80' lang='lat' dir='ltr'>diversorium</span> <span class='ocrx_word' id='word_1_89' title='bbox 1391 779 1540 821; x_wconf 83' lang='lat' dir='ltr'>factam</span> <span class='ocrx_word' id='word_1_90' title='bbox 1561 812 1576 833; x_wconf 90' lang='lat'><em>,</em></span> <span class='ocrx_word' id='word_1_91' title='bbox 1628 792 1691 823; x_wconf 85' lang='lat' dir='ltr'>at-</span> 
     </span>
     <span class='ocr_line' id='line_1_15' title="bbox 308 837 1691 899; baseline -0.001 -16"><span class='ocrx_word' id='word_1_92' title='bbox 308 857 388 899; x_wconf 83' lang='lat' dir='ltr'>que</span> <span class='ocrx_word' id='word_1_93' title='bbox 419 841 512 882; x_wconf 79' lang='lat' dir='ltr'>illuc</span> <span class='ocrx_word' id='word_1_94' title='bbox 545 856 591 880; x_wconf 79' lang='lat' dir='ltr'>ex</span> <span class='ocrx_word' id='word_1_95' title='bbox 623 838 816 881; x_wconf 83' lang='lat' dir='ltr'>omnibus</span> <span class='ocrx_word' id='word_1_96' title='bbox 849 838 990 879; x_wconf 89' lang='lat' dir='ltr'>mundi</span> <span class='ocrx_word' id='word_1_97' title='bbox 1027 838 1149 892; x_wconf 78' lang='lat' dir='ltr'>plagis</span> <span class='ocrx_word' id='word_1_98' title='bbox 1180 837 1387 878; x_wconf 78' lang='lat' dir='ltr'>advenisse</span> <span class='ocrx_word' id='word_1_99' title='bbox 1427 849 1562 892; x_wconf 77' lang='lat' dir='ltr'><strong>gentes</strong></span> <span class='ocrx_word' id='word_1_100' title='bbox 1615 841 1691 881; x_wconf 82' lang='lat' dir='ltr'>mi-</span> 
     </span>
     <span class='ocr_line' id='line_1_16' title="bbox 313 895 1688 950; baseline -0.001 -10"><span class='ocrx_word' id='word_1_101' title='bbox 313 900 509 942; x_wconf 84' lang='lat' dir='ltr'>rabimur.</span> <span class='ocrx_word' id='word_1_102' title='bbox 541 898 657 939; x_wconf 70' lang='lat' dir='ltr'>Hanc</span> <span class='ocrx_word' id='word_1_103' title='bbox 688 896 851 938; x_wconf 84' lang='lat' dir='ltr'>tandem</span> <span class='ocrx_word' id='word_1_104' title='bbox 872 928 885 947; x_wconf 87' lang='lat'>‚</span> <span class='ocrx_word' id='word_1_105' title='bbox 917 895 1132 938; x_wconf 78' lang='lat' dir='ltr'><strong>accedente</strong></span> <span class='ocrx_word' id='word_1_106' title='bbox 1172 896 1272 935; x_wconf 85' lang='lat' dir='ltr'>aeris</span> <span class='ocrx_word' id='word_1_107' title='bbox 1322 895 1592 950; x_wconf 78' lang='lat' dir='ltr'>graveolentia</span> <span class='ocrx_word' id='word_1_108' title='bbox 1641 914 1688 941; x_wconf 77' lang='lat' dir='ltr'>ex</span> 
     </span>
     <span class='ocr_line' id='line_1_17' title="bbox 307 953 1691 1014; baseline 0 -16"><span class='ocrx_word' id='word_1_109' title='bbox 307 973 507 1014; x_wconf 80' lang='lat' dir='ltr'>aquarum</span> <span class='ocrx_word' id='word_1_110' title='bbox 539 956 810 998; x_wconf 85' lang='lat' dir='ltr'>desidentium</span> <span class='ocrx_word' id='word_1_111' title='bbox 845 955 974 1007; x_wconf 85' lang='lat' dir='ltr'>vitio,</span> <span class='ocrx_word' id='word_1_112' title='bbox 1010 965 1067 995; x_wconf 78' lang='lat' dir='ltr'>tot</span> <span class='ocrx_word' id='word_1_113' title='bbox 1100 954 1376 996; x_wconf 79' lang='lat' dir='ltr'>Barbarorum</span> <span class='ocrx_word' id='word_1_114' title='bbox 1395 953 1580 996; x_wconf 87' lang='lat' dir='ltr'>manibus</span> <span class='ocrx_word' id='word_1_115' title='bbox 1594 970 1691 998; x_wconf 83' lang='lat' dir='ltr'>con·</span> 
     </span>
     <span class='ocr_line' id='line_1_18' title="bbox 307 1011 1688 1072; baseline -0.001 -15"><span class='ocrx_word' id='word_1_116' title='bbox 307 1018 425 1072; x_wconf 82' lang='lat' dir='ltr'>lapsis</span> <span class='ocrx_word' id='word_1_117' title='bbox 456 1013 645 1056; x_wconf 83' lang='lat' dir='ltr'>aedificiis</span> <span class='ocrx_word' id='word_1_118' title='bbox 668 1045 679 1067; x_wconf 87' lang='lat'>‚</span> <span class='ocrx_word' id='word_1_119' title='bbox 711 1011 1052 1067; x_wconf 77' lang='lat' dir='ltr'>terraemotibus,</span> <span class='ocrx_word' id='word_1_120' title='bbox 1085 1023 1124 1052; x_wconf 84' lang='lat' dir='ltr'>et</span> <span class='ocrx_word' id='word_1_121' title='bbox 1156 1013 1237 1067; x_wconf 75' lang='lat' dir='ltr'>ipsa</span> <span class='ocrx_word' id='word_1_122' title='bbox 1273 1013 1466 1066; x_wconf 75' lang='lat' dir='ltr'>[emporis</span> <span class='ocrx_word' id='word_1_123' title='bbox 1508 1024 1688 1056; x_wconf 73' lang='lat' dir='ltr'>vetusta-</span> 
     </span>
     <span class='ocr_line' id='line_1_19' title="bbox 308 1069 1691 1127; baseline 0 -13"><span class='ocrx_word' id='word_1_124' title='bbox 308 1084 348 1116; x_wconf 82' lang='lat' dir='ltr'>te</span> <span class='ocrx_word' id='word_1_125' title='bbox 381 1074 583 1122; x_wconf 80' lang='lat' dir='ltr'>miseram,</span> <span class='ocrx_word' id='word_1_126' title='bbox 613 1083 653 1114; x_wconf 82' lang='lat' dir='ltr'>et</span> <span class='ocrx_word' id='word_1_127' title='bbox 683 1070 929 1123; x_wconf 81' lang='lat' dir='ltr'>horrendam</span> <span class='ocrx_word' id='word_1_128' title='bbox 950 1082 1100 1113; x_wconf 89' lang='lat' dir='ltr'>sortem</span> <span class='ocrx_word' id='word_1_129' title='bbox 1119 1080 1324 1127; x_wconf 79' lang='lat' dir='ltr'>expertam</span> <span class='ocrx_word' id='word_1_130' title='bbox 1350 1069 1471 1111; x_wconf 84' lang='lat' dir='ltr'>fuisse</span> <span class='ocrx_word' id='word_1_131' title='bbox 1492 1069 1691 1114; x_wconf 62' lang='lat' dir='ltr'>dicemus,</span> 
     </span>
    </p>
   </div>
   <div class='ocr_carea' id='block_1_4' title="bbox 726 1183 1262 1238">
    <p class='ocr_par' dir='ltr' id='par_1_5' title="bbox 726 1183 1262 1238">
     <span class='ocr_line' id='line_1_20' title="bbox 726 1183 1262 1238; baseline -0.006 0"><span class='ocrx_word' id='word_1_132' title='bbox 726 1183 1100 1238; x_wconf 89' lang='lat' dir='ltr'><strong>CAPUT</strong></span> <span class='ocrx_word' id='word_1_133' title='bbox 1174 1185 1262 1237; x_wconf 71' lang='lat' dir='ltr'>VI,</span> 
     </span>
    </p>
   </div>
   <div class='ocr_carea' id='block_1_5' title="bbox 311 1313 1688 1490">
    <p class='ocr_par' dir='ltr' id='par_1_6' title="bbox 311 1313 1688 1490">
     <span class='ocr_line' id='line_1_21' title="bbox 311 1313 1688 1365; baseline -0.004 -2"><span class='ocrx_word' id='word_1_134' title='bbox 311 1321 517 1363; x_wconf 79' lang='lat' dir='ltr'>Baiarum</span> <span class='ocrx_word' id='word_1_135' title='bbox 550 1316 792 1360; x_wconf 81' lang='lat' dir='ltr'>amoenitas</span> <span class='ocrx_word' id='word_1_136' title='bbox 814 1345 827 1365; x_wconf 91' lang='lat'><strong>,</strong></span> <span class='ocrx_word' id='word_1_137' title='bbox 857 1322 899 1354; x_wconf 83' lang='lat' dir='ltr'>et</span> <span class='ocrx_word' id='word_1_138' title='bbox 943 1314 1147 1356; x_wconf 79' lang='lat' dir='ltr'>vitiorum</span> <span class='ocrx_word' id='word_1_139' title='bbox 1199 1313 1482 1355; x_wconf 76' lang='lat' dir='ltr'>diversorium</span> <span class='ocrx_word' id='word_1_140' title='bbox 1526 1313 1688 1358; x_wconf 82' lang='lat' dir='ltr'>descri-</span> 
     </span>
     <span class='ocr_line' id='line_1_22' title="bbox 367 1367 1686 1424; baseline -0.008 -5"><span class='ocrx_word' id='word_1_141' title='bbox 367 1380 500 1420; x_wconf 78' lang='lat' dir='ltr'>bitur:</span> <span class='ocrx_word' id='word_1_142' title='bbox 533 1378 587 1417; x_wconf 77' lang='lat' dir='ltr'>cle</span> <span class='ocrx_word' id='word_1_143' title='bbox 620 1378 918 1416; x_wconf 71' lang='lat' dir='ltr'>Romanorum</span> <span class='ocrx_word' id='word_1_144' title='bbox 955 1373 1074 1413; x_wconf 79' lang='lat' dir='ltr'><em>villis</em></span> <span class='ocrx_word' id='word_1_145' title='bbox 1095 1402 1106 1423; x_wconf 80' lang='lat'>,</span> <span class='ocrx_word' id='word_1_146' title='bbox 1138 1367 1292 1424; x_wconf 71' lang='lat' dir='ltr'>Marii,</span> <span class='ocrx_word' id='word_1_147' title='bbox 1311 1371 1548 1421; x_wconf 78' lang='lat' dir='ltr'>Hortensii,</span> <span class='ocrx_word' id='word_1_148' title='bbox 1581 1373 1686 1414; x_wconf 80' lang='lat' dir='ltr'>alio-</span> 
     </span>
     <span class='ocr_line' id='line_1_23' title="bbox 367 1429 1686 1490; baseline -0.002 -14"><span class='ocrx_word' id='word_1_149' title='bbox 367 1451 556 1490; x_wconf 75' lang='lat' dir='ltr'>rumque.</span> <span class='ocrx_word' id='word_1_150' title='bbox 589 1435 660 1475; x_wconf 78' lang='lat' dir='ltr'>De</span> <span class='ocrx_word' id='word_1_151' title='bbox 692 1430 868 1473; x_wconf 72' lang='lat' dir='ltr'>thermis</span> <span class='ocrx_word' id='word_1_152' title='bbox 901 1429 1114 1482; x_wconf 70' lang='lat' dir='ltr'>Baianis,</span> <span class='ocrx_word' id='word_1_153' title='bbox 1146 1429 1285 1486; x_wconf 77' lang='lat' dir='ltr'>(leque</span> <span class='ocrx_word' id='word_1_154' title='bbox 1320 1438 1433 1470; x_wconf 80' lang='lat' dir='ltr'>statu</span> <span class='ocrx_word' id='word_1_155' title='bbox 1475 1429 1686 1474; x_wconf 74' lang='lat' dir='ltr'>Baiarum</span> 
     </span>
    </p>
   </div>
   <div class='ocr_carea' id='block_1_6' title="bbox 364 1495 541 1536">
    <p class='ocr_par' dir='ltr' id='par_1_7' title="bbox 364 1495 541 1536">
     <span class='ocr_line' id='line_1_24' title="bbox 364 1495 541 1536; baseline 0.006 -2"><span class='ocrx_word' id='word_1_156' title='bbox 364 1495 541 1536; x_wconf 74' lang='lat' dir='ltr'>recenti.</span> 
     </span>
    </p>
   </div>
   <div class='ocr_carea' id='block_1_7' title="bbox 302 1599 1683 1783">
    <p class='ocr_par' dir='ltr' id='par_1_8' title="bbox 302 1599 1683 1783">
     <span class='ocr_line' id='line_1_25' title="bbox 416 1599 1683 1665; baseline -0.006 -14"><span class='ocrx_word' id='word_1_157' title='bbox 416 1611 529 1651; x_wconf 78' lang='lat' dir='ltr'>Baias</span> <span class='ocrx_word' id='word_1_158' title='bbox 564 1609 633 1665; x_wconf 89' lang='lat'>(1)</span> <span class='ocrx_word' id='word_1_159' title='bbox 666 1624 686 1649; x_wconf 82' lang='lat' dir='ltr'>a</span> <span class='ocrx_word' id='word_1_160' title='bbox 719 1605 818 1648; x_wconf 84' lang='lat' dir='ltr'>Baio</span> <span class='ocrx_word' id='word_1_161' title='bbox 851 1604 1006 1660; x_wconf 83' lang='lat' dir='ltr'>Vlyssis</span> <span class='ocrx_word' id='word_1_162' title='bbox 1037 1602 1146 1644; x_wconf 87' lang='lat' dir='ltr'>socio</span> <span class='ocrx_word' id='word_1_163' title='bbox 1176 1599 1385 1643; x_wconf 85' lang='lat' dir='ltr'>conditam</span> <span class='ocrx_word' id='word_1_164' title='bbox 1418 1601 1538 1643; x_wconf 72' lang='lat' dir='ltr'>fuisse</span> <span class='ocrx_word' id='word_1_165' title='bbox 1560 1602 1683 1645; x_wconf 85' lang='lat' dir='ltr'>histo-</span> 
     </span>
     <span class='ocr_line' id='line_1_26' title="bbox 302 1660 1682 1724; baseline -0.006 -14"><span class='ocrx_word' id='word_1_166' title='bbox 302 1668 385 1710; x_wconf 81' lang='lat' dir='ltr'>riae</span> <span class='ocrx_word' id='word_1_167' title='bbox 416 1679 566 1709; x_wconf 85' lang='lat' dir='ltr'>veteres</span> <span class='ocrx_word' id='word_1_168' title='bbox 597 1665 825 1724; x_wconf 83' lang='lat' dir='ltr'>prodidere.</span> <span class='ocrx_word' id='word_1_169' title='bbox 878 1664 1009 1702; x_wconf 81' lang='lat' dir='ltr'>Tanta</span> <span class='ocrx_word' id='word_1_170' title='bbox 1055 1675 1150 1702; x_wconf 89' lang='lat' dir='ltr'>vero</span> <span class='ocrx_word' id='word_1_171' title='bbox 1191 1660 1269 1700; x_wconf 77' lang='lat' dir='ltr'>fuit</span> <span class='ocrx_word' id='word_1_172' title='bbox 1314 1660 1483 1700; x_wconf 85' lang='lat' dir='ltr'>huiusce</span> <span class='ocrx_word' id='word_1_173' title='bbox 1533 1660 1682 1702; x_wconf 89' lang='lat' dir='ltr'>nobilis</span> 
     </span>
     <span class='ocr_line' id='line_1_27' title="bbox 303 1717 1680 1783; baseline -0.005 -16"><span class='ocrx_word' id='word_1_174' title='bbox 303 1726 378 1767; x_wconf 77' lang='lat' dir='ltr'>vici</span> <span class='ocrx_word' id='word_1_175' title='bbox 413 1726 483 1783; x_wconf 84' lang='lat'>(2)</span> <span class='ocrx_word' id='word_1_176' title='bbox 517 1726 767 1776; x_wconf 82' lang='lat' dir='ltr'>amoenitas,</span> <span class='ocrx_word' id='word_1_177' title='bbox 803 1733 848 1763; x_wconf 86' lang='lat' dir='ltr'>ut</span> <span class='ocrx_word' id='word_1_178' title='bbox 880 1720 997 1776; x_wconf 85' lang='lat' dir='ltr'>longe</span> <span class='ocrx_word' id='word_1_179' title='bbox 1040 1717 1215 1772; x_wconf 83' lang='lat' dir='ltr'>Cumis,</span> <span class='ocrx_word' id='word_1_180' title='bbox 1266 1727 1305 1758; x_wconf 91' lang='lat' dir='ltr'>et</span> <span class='ocrx_word' id='word_1_181' title='bbox 1352 1718 1530 1759; x_wconf 75' lang='lat' dir='ltr'>Puteolis</span> <span class='ocrx_word' id='word_1_182' title='bbox 1579 1729 1680 1760; x_wconf 81' lang='lat' dir='ltr'>esset</span> 
     </span>
    </p>
   </div>
   <div class='ocr_carea' id='block_1_8' title="bbox 337 1851 1657 1869">
    <p class='ocr_par' dir='ltr' id='par_1_9' title="bbox 337 1851 1657 1869">
     <span class='ocr_line' id='line_1_28' title="bbox 337 1851 1657 1869; baseline 0 710"><span class='ocrx_word' id='word_1_183' title='bbox 337 1851 1657 1869; x_wconf 95' lang='lat' dir='ltr'> </span> 
     </span>
    </p>
   </div>
   <div class='ocr_carea' id='block_1_9' title="bbox 305 1919 1676 2075">
    <p class='ocr_par' dir='ltr' id='par_1_10' title="bbox 305 1919 1676 2075">
     <span class='ocr_line' id='line_1_29' title="bbox 405 1919 1676 1978; baseline -0.008 -14"><span class='ocrx_word' id='word_1_184' title='bbox 405 1929 464 1978; x_wconf 84' lang='lat'>(1)</span> <span class='ocrx_word' id='word_1_185' title='bbox 493 1925 734 1962; x_wconf 80' lang='lat' dir='ltr'>Martorellius</span> <span class='ocrx_word' id='word_1_186' title='bbox 760 1925 887 1962; x_wconf 90' lang='lat' dir='ltr'>Colon.</span> <span class='ocrx_word' id='word_1_187' title='bbox 916 1923 1037 1959; x_wconf 87' lang='lat' dir='ltr'>Fenic.</span> <span class='ocrx_word' id='word_1_188' title='bbox 1064 1935 1147 1971; x_wconf 84' lang='lat' dir='ltr'>pag.</span> <span class='ocrx_word' id='word_1_189' title='bbox 1181 1931 1197 1964; x_wconf 91' lang='lat'><strong>7</strong></span> <span class='ocrx_word' id='word_1_190' title='bbox 1228 1921 1294 1956; x_wconf 91' lang='lat' dir='ltr'>hoc</span> <span class='ocrx_word' id='word_1_191' title='bbox 1320 1919 1491 1955; x_wconf 83' lang='lat' dir='ltr'>Baiarum</span> <span class='ocrx_word' id='word_1_192' title='bbox 1520 1919 1676 1969; x_wconf 81' lang='lat' dir='ltr'>‘etymon</span> 
     </span>
     <span class='ocr_line' id='line_1_30' title="bbox 305 1970 1676 2019; baseline -0.008 -5"><span class='ocrx_word' id='word_1_193' title='bbox 305 1993 323 2014; x_wconf 85' lang='lat' dir='ltr'>a</span> <span class='ocrx_word' id='word_1_194' title='bbox 352 1978 544 2014; x_wconf 74' lang='lat' dir='ltr'>Phoenicia</span> <span class='ocrx_word' id='word_1_195' title='bbox 573 1989 660 2012; x_wconf 80' lang='lat' dir='ltr'>voce</span> <span class='ocrx_word' id='word_1_196' title='bbox 685 1977 777 2011; x_wconf 76' lang='lat' dir='ltr'>Boz&#39;e</span> <span class='ocrx_word' id='word_1_197' title='bbox 797 2003 806 2018; x_wconf 97' lang='lat'><em>‚</em></span> <span class='ocrx_word' id='word_1_198' title='bbox 833 1974 894 2010; x_wconf 76' lang='lat' dir='ltr'>ubi</span> <span class='ocrx_word' id='word_1_199' title='bbox 919 1976 1021 2009; x_wconf 73' lang='lat' dir='ltr'>Deus</span> <span class='ocrx_word' id='word_1_200' title='bbox 1043 2000 1054 2017; x_wconf 82' lang='lat'>‚</span> <span class='ocrx_word' id='word_1_201' title='bbox 1083 1971 1388 2019; x_wconf 80' lang='lat' dir='ltr'>derivat‚propter</span> <span class='ocrx_word' id='word_1_202' title='bbox 1407 1970 1564 2012; x_wconf 85' lang='lat' dir='ltr'>oracula,</span> <span class='ocrx_word' id='word_1_203' title='bbox 1583 1981 1676 2018; x_wconf 82' lang='lat' dir='ltr'>quae</span> 
     </span>
     <span class='ocr_line' id='line_1_31' title="bbox 305 2019 1676 2075; baseline -0.009 -11"><span class='ocrx_word' id='word_1_204' title='bbox 305 2043 324 2063; x_wconf 84' lang='lat' dir='ltr'>a</span> <span class='ocrx_word' id='word_1_205' title='bbox 353 2029 555 2064; x_wconf 81' lang='lat' dir='ltr'>Cimmeriis</span> <span class='ocrx_word' id='word_1_206' title='bbox 581 2026 820 2075; x_wconf 75' lang='lat' dir='ltr'>prodebantur</span> <span class='ocrx_word' id='word_1_207' title='bbox 846 2052 856 2068; x_wconf 90' lang='lat'>‚</span> <span class='ocrx_word' id='word_1_208' title='bbox 884 2024 948 2074; x_wconf 88' lang='lat' dir='ltr'>qui</span> <span class='ocrx_word' id='word_1_209' title='bbox 975 2028 1081 2066; x_wconf 82' lang='lat' dir='ltr'>prout</span> <span class='ocrx_word' id='word_1_210' title='bbox 1108 2022 1236 2057; x_wconf 75' lang='lat' dir='ltr'>Strabo</span> <span class='ocrx_word' id='word_1_211' title='bbox 1265 2025 1384 2055; x_wconf 80' lang='lat' dir='ltr'>narrat</span> <span class='ocrx_word' id='word_1_212' title='bbox 1404 2020 1468 2055; x_wconf 86' lang='lat' dir='ltr'>lib.</span> <span class='ocrx_word' id='word_1_213' title='bbox 1489 2019 1676 2066; x_wconf 83' lang='lat' dir='ltr'>V.Geogr.</span> 
     </span>
    </p>
   </div>
   <div class='ocr_carea' id='block_1_10' title="bbox 305 2066 1674 2125">
    <p class='ocr_par' dir='ltr' id='par_1_11' title="bbox 305 2066 1674 2125">
     <span class='ocr_line' id='line_1_32' title="bbox 305 2066 1674 2125; baseline -0.006 -12"><span class='ocrx_word' id='word_1_214' title='bbox 305 2078 375 2114; x_wconf 79' lang='lat' dir='ltr'>hoe</span> <span class='ocrx_word' id='word_1_215' title='bbox 401 2089 551 2114; x_wconf 84' lang='lat' dir='ltr'>munere</span> <span class='ocrx_word' id='word_1_216' title='bbox 577 2077 831 2125; x_wconf 77' lang='lat' dir='ltr'>fungebantur.</span> <span class='ocrx_word' id='word_1_217' title='bbox 856 2067 1013 2110; x_wconf 67' lang='lat' dir='ltr'>Isidorus</span> <span class='ocrx_word' id='word_1_218' title='bbox 1042 2071 1106 2107; x_wconf 84' lang='lat' dir='ltr'>lib.</span> <span class='ocrx_word' id='word_1_219' title='bbox 1136 2071 1243 2108; x_wconf 79' lang='lat' dir='ltr'><strong>XIV.</strong></span> <span class='ocrx_word' id='word_1_220' title='bbox 1275 2084 1307 2107; x_wconf 89' lang='lat' dir='ltr'>c.</span> <span class='ocrx_word' id='word_1_221' title='bbox 1334 2070 1356 2105; x_wconf 84' lang='lat'>8</span> <span class='ocrx_word' id='word_1_222' title='bbox 1385 2068 1543 2118; x_wconf 71' lang='lat' dir='ltr'>Elymol.</span> <span class='ocrx_word' id='word_1_223' title='bbox 1574 2066 1674 2105; x_wconf 78' lang='lat' dir='ltr'>aba·</span> 
     </span>
    </p>
   </div>
   <div class='ocr_carea' id='block_1_11' title="bbox 306 2124 1674 2226">
    <p class='ocr_par' dir='ltr' id='par_1_12' title="bbox 306 2124 1674 2226">
     <span class='ocr_line' id='line_1_33' title="bbox 306 2124 942 2164; baseline -0.009 0"><span class='ocrx_word' id='word_1_224' title='bbox 306 2128 461 2164; x_wconf 69' lang='lat' dir='ltr'>iulcdes</span> <span class='ocrx_word' id='word_1_225' title='bbox 487 2125 664 2163; x_wconf 74' lang='lat' dir='ltr'>mercibus</span> <span class='ocrx_word' id='word_1_226' title='bbox 691 2125 770 2162; x_wconf 89' lang='lat' dir='ltr'>vult</span> <span class='ocrx_word' id='word_1_227' title='bbox 797 2124 942 2160; x_wconf 81' lang='lat' dir='ltr'>dictam.</span> 
     </span>
     <span class='ocr_line' id='line_1_34' title="bbox 405 2167 1674 2226; baseline -0.006 -13"><span class='ocrx_word' id='word_1_228' title='bbox 405 2179 462 2226; x_wconf 65' lang='grc' dir='ltr'>(α)</span> <span class='ocrx_word' id='word_1_229' title='bbox 489 2178 595 2212; x_wconf 82' lang='lat' dir='ltr'>Iuvat</span> <span class='ocrx_word' id='word_1_230' title='bbox 622 2176 702 2212; x_wconf 86' lang='lat' dir='ltr'>heic</span> <span class='ocrx_word' id='word_1_231' title='bbox 728 2187 810 2212; x_wconf 87' lang='lat' dir='ltr'>cum</span> <span class='ocrx_word' id='word_1_232' title='bbox 837 2174 1028 2212; x_wconf 83' lang='lat' dir='ltr'>sanfelicio</span> <span class='ocrx_word' id='word_1_233' title='bbox 1056 2171 1227 2209; x_wconf 72' lang='lat' dir='ltr'>adnotare</span> <span class='ocrx_word' id='word_1_234' title='bbox 1254 2171 1298 2207; x_wconf 88' lang='lat' dir='ltr'>de</span> <span class='ocrx_word' id='word_1_235' title='bbox 1325 2169 1426 2218; x_wconf 80' lang='lat' dir='ltr'>Orig.</span> <span class='ocrx_word' id='word_1_236' title='bbox 1448 2167 1674 2220; x_wconf 77' lang='lat' dir='ltr'>Camp.pag‹,</span> 
     </span>
    </p>
   </div>
   <div class='ocr_carea' id='block_1_12' title="bbox 315 2218 1675 2280">
    <p class='ocr_par' dir='ltr' id='par_1_13' title="bbox 315 2218 1675 2280">
     <span class='ocr_line' id='line_1_35' title="bbox 315 2218 1675 2280; baseline -0.006 -15"><span class='ocrx_word' id='word_1_237' title='bbox 315 2243 358 2267; x_wconf 80' lang='lat'>12</span> <span class='ocrx_word' id='word_1_238' title='bbox 386 2228 450 2280; x_wconf 84' lang='lat' dir='ltr'>qui</span> <span class='ocrx_word' id='word_1_239' title='bbox 477 2240 663 2277; x_wconf 79' lang='lat' dir='ltr'>nunquam</span> <span class='ocrx_word' id='word_1_240' title='bbox 688 2225 782 2263; x_wconf 86' lang='lat' dir='ltr'>hanc</span> <span class='ocrx_word' id='word_1_241' title='bbox 809 2225 939 2262; x_wconf 84' lang='lat' dir='ltr'>urbem</span> <span class='ocrx_word' id='word_1_242' title='bbox 965 2227 1074 2264; x_wconf 71' lang='lat' dir='ltr'>fuisse</span> <span class='ocrx_word' id='word_1_243' title='bbox 1101 2221 1241 2267; x_wconf 73' lang='lat' dir='ltr'>credit,</span> <span class='ocrx_word' id='word_1_244' title='bbox 1265 2221 1327 2258; x_wconf 83' lang='lat' dir='ltr'>ubi</span> <span class='ocrx_word' id='word_1_245' title='bbox 1354 2220 1403 2256; x_wconf 60' lang='lat' dir='ltr'>sic</span> <span class='ocrx_word' id='word_1_246' title='bbox 1429 2218 1572 2258; x_wconf 81' lang='lat' dir='ltr'>scribit:</span> <span class='ocrx_word' id='word_1_247' title='bbox 1600 2221 1675 2262; x_wconf 68' lang='lat' dir='ltr'>Hic</span> 
     </span>
    </p>
   </div>
  </div>
 </body>
</html>
