1920 2579
356 149 432 177 102

343 195 577 247 seditione,
611 193 788 250 indeque
820 202 1023 235 terrarum
1068 194 1248 237 motibus
1298 194 1514 238 deterritae
1560 201 1729 248 eandem

342 255 572 311 relinquere
603 263 699 294 sunt
731 263 922 304 coactae3
957 251 998 293 id
1030 268 1153 295 omne
1188 266 1346 296 enarrat
1377 255 1525 297 citatus
1571 259 1728 303 Strabo.

344 314 400 354 At
432 329 514 371 quo
548 322 735 369 tempore
767 311 841 353 hae
871 320 1007 365 gentes
1040 313 1080 352 in
1113 313 1290 355 insulam
1325 316 1721 370 penetrarint,haud

341 382 450 413 recte
483 380 668 423 constat3
701 370 779 411 hoc
813 385 941 411 unum
974 370 1122 412 addam
1143 404 1158 423 ,
1197 374 1372 414 insulam
1409 383 1490 415 tam
1517 378 1728 433 antiquam

340 430 446 471 sama
479 446 561 472 esse
582 459 595 479 ‚
628 440 674 470 ut
705 427 924 471 vulcanicis
957 432 1192 486 praesertim
1225 431 1610 487 conflagrationibus
1659 452 1721 477 so-

337 490 425 530 lum
460 488 583 530 fuerit
614 487 844 529 subiectum
864 519 876 541 ‚
910 498 950 529 et
982 490 1130 533 vetusti
1162 492 1380 547 scriptores
1426 506 1545 548 saepe
1591 494 1717 551 ipsius

345 548 594 589 mentionem
631 547 818 589 fecerint.

454 606 662 648 Praefatae
694 616 831 659 gentes
867 605 884 662 ζ
917 615 963 646 ut
994 604 1169 647 diximus
1201 605 1218 662 )
1270 621 1316 647 ex
1359 605 1488 647 insula
1534 609 1725 653 receden-

339 675 397 707 tes
418 697 430 715 ,
465 665 504 705 in
539 666 715 706 vicinam
748 663 1070 719 commigrarunt
1101 665 1412 713 continentem,
1447 664 1517 705 ubi
1563 666 1723 712 Cumas

339 722 608 764 aedificarunt
629 754 642 775 ,
675 732 722 763 ut
754 722 893 780 prodit
925 721 1143 764 Patavinus
1173 733 1317 764 auctor
1347 721 1417 765 lib.
1450 722 1563 765 VIII.
1593 740 1630 767 c.
1652 740 1721 771 22.

338 785 434 823 Post
467 780 508 822 id
539 781 769 838 temporis,
805 780 920 836 quod
951 779 1102 825 accidit
1134 779 1253 837 plura
1302 792 1394 836 post
1438 780 1595 823 saecula
1618 814 1630 833 ,
1680 787 1722 827 in

336 841 443 882 hanc
475 839 650 880 insulam
683 839 860 881 advenit‘
878 839 1127 895 Syracusana
1158 855 1254 895 gens
1296 839 1399 881 duce
1444 837 1625 883 Hierone
1658 857 1725 885 an-

339 913 394 941 no
425 897 475 939 ab
509 900 565 940 V.
597 899 649 940 C.
682 898 815 940 DXV.
850 899 911 939 uti
944 908 1112 939 narrant
1142 898 1311 955 quidam
1332 929 1343 950 ‚
1393 913 1479 955 quo
1531 908 1718 957 tempore

335 958 519 1012 regnavit
550 957 617 998 hic
647 957 1000 1013 Syracusanorum
1034 965 1233 1012 tyrannus
1264 972 1361 998 cum
1387 959 1542 998 Graeca
1572 971 1689 1012 gente
1708 990 1720 1013 ‚

335 1030 442 1072 quae
472 1014 609 1057 sedem
642 1017 733 1057 heic
764 1013 880 1056 fixit:
917 1015 1084 1073 iamque
1129 1015 1233 1071 leges
1253 1048 1264 1069 ,
1313 1024 1439 1071 atque
1485 1015 1720 1059 dominium

336 1073 612 1124 extendebat,
641 1074 723 1116 loci
755 1072 1001 1115 amoenitate
1031 1074 1223 1126 inlecta,-
1256 1089 1352 1116 cum
1401 1073 1522 1115 vicini
1573 1077 1722 1117 montis

333 1132 532 1188 Epomaei
583 1131 970 1188 conflagrationibus
1016 1130 1207 1173 deterrita
1256 1143 1347 1185 est3
1409 1146 1578 1174 murum
1623 1129 1721 1176 tunc

332 1190 538 1245 ingentem
571 1189 863 1232 exstruendum
898 1190 1053 1246 paravit
1084 1189 1240 1240 Hiero,
1271 1205 1355 1247 quo
1387 1191 1539 1232 montis
1572 1191 1719 1245 ignem,

333 1247 604 1305 flammasque
636 1247 844 1291 cohiberet
875 1247 1086 1305 palante53
1119 1247 1191 1290 sed
1223 1250 1458 1304 Epomaeus
1474 1262 1593 1290 mons
1613 1249 1717 1304 igni·

336 1318 507 1347 vomum
539 1316 726 1349 eructans
757 1321 950 1359 amnem,
983 1305 1188 1363 quidquid
1220 1305 1276 1347 illi
1310 1307 1389 1348 fuit
1406 1306 1588 1359 obviam,
1610 1321 1718 1349 ever-

331 1364 394 1405 tit.
430 1365 538 1405 Hinc
571 1362 660 1407 iure
692 1367 839 1408 merito
870 1375 1126 1406 consternata
1159 1379 1201 1405 ea
1235 1379 1338 1407 nova
1371 1364 1542 1406 Colonia
1573 1364 1711 1406 sedem

331 1421 412 1464 alio
443 1421 648 1478 figendam
671 1454 686 1474 ,
718 1421 1132 1478 constituendamque
1163 1423 1335 1464 curavit.

458 1480 720 1536 Syracusanis
751 1496 974 1524 successere
1005 1479 1295 1537 Neapolitani,
1328 1481 1399 1538 qui
1449 1478 1501 1521 ad
1544 1478 1716 1523 insulem

340 1537 601 1580 habitandam
632 1542 989 1598 commigrarunt:
1025 1549 1066 1579 at
1093 1541 1274 1596 sequiori
1304 1554 1403 1580 aevo
1447 1539 1623 1580 Romani
1655 1540 1714 1593 in-

338 1597 468 1637 sulam
503 1610 788 1653 occuparunt;
821 1600 863 1640 id
893 1613 1015 1640 omne
1046 1597 1224 1640 traditur
1255 1614 1276 1639 e
1309 1597 1506 1639 Strabone
1542 1596 1612 1636 lib.
1658 1598 1707 1637 V.

337 1656 546 1709 Augustus
578 1671 673 1698 vero
704 1659 853 1702 Caesar
886 1672 957 1713 per
989 1655 1028 1696 id
1061 1658 1256 1709 temporis
1306 1656 1480 1712 spatium
1527 1652 1715 1710 Neapoli-

336 1714 436 1753 tanis
469 1715 645 1770 Capreas
693 1729 862 1756 munere
910 1713 1088 1755 donavit.
1122 1713 1170 1756 Id
1217 1716 1336 1757 etiam
1383 1721 1520 1753 narrat
1566 1711 1710 1754 Sueto-

335 1770 427 1811 nius
458 1772 497 1812 in
530 1773 614 1820 eius
646 1772 723 1813 vita
755 1788 790 1813 c.
825 1786 881 1826 92
914 1773 994 1814 hoc
1028 1772 1186 1814 modo:
1220 1772 1354 1828 Apud
1400 1771 1584 1812 insulam
1638 1769 1714 1811 Ca-

330 1843 467 1883 preas
504 1832 756 1873 veterrimae
793 1832 900 1874 ilicis·
931 1831 1147 1873 demissos
1181 1836 1270 1887 iqm
1302 1830 1363 1872 ad
1398 1839 1588 1880 terram,
1619 1830 1709 1869 lan-

335 1898 595 1943 guentesque
627 1905 776 1931 ramos
812 1891 1089 1933 convaluisse
1127 1890 1318 1931 adventu
1350 1904 1427 1931 suo
1450 1918 1460 1937 ‚
1500 1888 1604 1934 adeo
1626 1888 1714 1927 lae·

335 1955 447 1987 tatus
479 1956 571 1997 est,
605 1959 649 1989 ut
685 1963 763 1990 eas
797 1963 896 1991 cum
936 1949 1158 2003 republica
1191 1947 1577 2004 Neapolitanorum
1607 1960 1706 1999 pet·-

338 2010 570 2046 mutaverit
588 2037 598 2056 ‚
635 2005 820 2048 AEnaria
855 2008 969 2048 data.

455 2063 629 2109 Romani
662 2075 798 2121 postea
827 2066 927 2108 loci·
953 2064 1132 2106 eiusdem
1181 2063 1332 2105 deliciis
1377 2063 1514 2119 capti,
1566 2060 1711 2116 passim

336 2121 472 2171 fiilos,
505 2136 694 2179 casasque
724 2122 991 2168 aedificarunt
1024 2123 1041 2181 (
1076 2133 1120 2164 ut
1149 2121 1340 2164 credibile
1371 2132 1429 2163 est
1457 2121 1479 2176 )
1524 2119 1708 2175 quamvis

338 2180 446 2220 nulla
476 2181 527 2222 ad
563 2192 746 2236 posteros
777 2181 943 2223 illorum
974 2182 1205 2238 pervenerit
1239 2181 1449 2222 memoria.
1467 2178 1512 2219 In
1533 2175 1702 2233 quibus-

337 2238 432 2280 dam
463 2240 619 2280 insulae
648 2238 776 2293 locis,
809 2250 847 2282 et
877 2240 1094 2296 praecipue
1124 2241 1163 2281 iu
1208 2250 1315 2280 terra
1346 2237 1519 2288 Lacci⁷
1550 2246 1591 2276 ut
1629 2235 1703 2276 ho-

336 2296 400 2338 dic
432 2296 634 2355 appellant
666 2298 901 2354 indigenae,
935 2299 1083 2355 passim
1132 2297 1345 2354 sepulchra
1370 2326 1382 2346 2
1428 2309 1549 2348 Vsssstr
1606 2292 1703 2349 lapi*
