1920 2579
1476 100 1523 139 ¹4

166 146 375 189 cananum
409 144 600 187 Castrum
633 144 710 186 alio
740 141 907 200 quidem
943 143 1025 186 e'sse]
1056 142 1357 186 conlocandum
1382 106 1553 201 patebit?

169 205 370 248 Omnium
403 204 559 261 primus
590 203 747 246 occurit
778 204 1039 244 Marcellinus
1070 202 1217 245 Comes
1239 235 1250 253 ,
1283 204 1355 260 qui
1398 205 1547 260 quinto

168 264 328 306 saeculo
380 277 494 305 suam
534 262 788 303 elucubravit
819 262 1027 304 historiam
1059 261 1232 303 Basilico
1254 294 1266 313 ‚
1302 274 1341 303 et
1377 264 1551 304 Armato

169 325 286 366 Coss.
319 322 399 363 Hic
433 322 501 362 ubi
534 321 585 362 de
615 321 847 374 Augustulo
879 331 1084 375 postremo
1109 320 1392 362 Romanorum
1416 321 1549 377 Impe-

169 391 305 422 ratore
337 380 458 421 verba
490 380 618 430 facit,
654 379 703 418 ab
735 378 950 420 Odovacre
983 379 1205 421 Erulorum
1236 380 1343 435 Rege
1376 381 1414 421 in
1464 382 1548 420 exi-

166 439 269 480 lium
307 440 478 479 multato
510 452 617 478 auno
650 437 990 480 CCCCLXXVI.
1026 440 1090 479 Sic
1121 449 1289 479 narrat:
1324 437 1545 495 Augustu-

163 498 253 538 lum
271 496 422 551 filium
461 497 628 538 Orestis
664 496 898 538 Odovacer
927 497 970 537 in
1004 497 1250 537 Lucullano
1273 496 1543 551 Campaniae

163 556 348 596 castello
381 557 504 597 exilii
529 570 679 611 poena
711 554 943 597 damnavit.
997 555 1263 609 Hesperium
1307 556 1539 596 Romanae

161 613 301 670 gentis
337 612 575 668 Imperium
613 646 622 655 .
659 645 669 655 .
703 646 712 656 .
747 644 755 653 .
791 628 889 654 cum
918 614 1001 654 hoc
1032 614 1277 670 Augustulo
1303 614 1443 669 periit.
1488 614 1543 654 Et

165 670 393 714 lomandes
427 672 567 713 iisdem
607 671 688 713 sere
723 671 856 715 verbis
902 672 1039 728 prodit
1077 673 1138 712 De
1179 675 1309 726 Regn.
1361 673 1537 712 Success-

166 747 202 773 c.
241 731 319 772 103
365 730 598 774 Odovacer
630 761 638 770 .
673 762 682 771 .
716 762 724 771 .
760 763 769 772 .
804 730 981 772 Italiam
1014 732 1175 771 invasit
1196 731 1539 785 ‚Augustulum-

172 805 255 846 que
287 792 605 844 Imperatorem
638 789 693 829 de
739 804 875 847 regno
924 791 1151 840 evulsum,
1205 790 1248 830 in
1288 790 1536 830 Lucullano

158 848 348 890 castello
382 849 509 888 exilii
528 863 676 903 poena
710 848 947 891 damnavit.
992 851 1054 889 Ex
1095 862 1276 903 quorum
1321 857 1537 888 auctorum

161 906 294 947 verbis
331 907 508 948 occurrit
541 907 696 948 mentio
742 906 797 946 de
831 908 1016 952 Castello
1039 938 1054 958 ,
1091 920 1174 946 non
1193 920 1287 948 vero
1310 906 1359 946 de
1391 905 1536 955 insula,

155 965 197 1006 in
232 979 317 1021 qua
352 966 471 1020 patrii
510 965 724 1021 scriptores
755 979 895 1007 omnes
927 965 1102 1006 eundem
1151 964 1445 1019 Imperatorem
1473 965 1535 1003 in—

159 1024 319 1066 clusum
350 1023 522 1066 credum
546 1055 557 1072 ‚
598 1024 711 1078 quod
741 1024 909 1080 quidem
941 1024 990 1064 ab
1024 1017 1366 1077 insula⁴Megaria
1414 1022 1535 1064 disse·

159 1092 316 1123 rentem
352 1084 521 1123 omnino
557 1081 677 1122 fuisse
712 1082 963 1123 credendum
997 1081 1188 1123 arbitror.
1250 1092 1253 1095 '

276 1142 325 1181 D.
361 1139 583 1194 Gregorius
616 1143 721 1196 Papa
742 1142 863 1181 Petro
884 1140 1129 1193 Campaniae
1149 1137 1408 1180 Subdiacono
1439 1140 1533 1179 scri-

153 1198 250 1239 bens
288 1198 356 1240 iii).
395 1198 470 1239 ΙΙΙ.
504 1214 565 1255 ep.
599 1199 628 1240 1.
660 1210 696 1239 et
732 1200 926 1240 Antemio
956 1198 1021 1240 lib.
1053 1201 1103 1241 X.
1136 1198 1254 1254 epist.
1285 1212 1333 1253 19
1367 1198 1534 1239 huiusce

155 1256 230 1298 loci
263 1257 357 1298 sacit
395 1258 646 1298 mentionem
671 1289 683 1307 ,,
729 1268 769 1298 et
806 1257 1042 1312 praesertim
1094 1256 1370 1299 Ecclesiarum
1396 1288 1408 1306 ‚
1459 1257 1531 1299 sed

154 1330 370 1371 nunquam
400 1315 582 1366 insulae,
614 1318 713 1371 quin
747 1317 870 1357 etiam
896 1315 1038 1357 Casiri
1074 1315 1339 1368 Lucullani,
1380 1315 1528 1370 opidi,

149 1383 190 1413 et
231 1374 422 1415 Castelli.
455 1375 623 1429 Egipius
676 1388 842 1431 quoque
886 1375 958 1430 qui
1005 1384 1116 1415 sexto
1152 1372 1293 1414 floruit
1336 1374 1525 1425 saeculo,

147 1432 187 1471 S.
222 1432 356 1472 Severi
390 1431 531 1473 Norici
569 1432 761 1487 Episcopi
807 1431 1021 1474 historiam
1069 1430 1250 1473 scribens
1291 1433 1331 1473 in
1382 1432 1530 1474 Castro

145 1489 372 1530 Lucullano
404 1491 595 1532 tumulati
631 1491 711 1531 iam
743 1491 889 1546 quinto
922 1501 1111 1546 vergente
1140 1490 1331 1542 saeculo,
1378 1505 1526 1548 nempe

150 1562 256 1588 anno
287 1547 564 1590 CCCCXCII.
601 1549 679 1589 hoc
711 1548 836 1589 modo
858 1548 944 1600 ait,
968 1560 1014 1589 ut
1029 1549 1175 1604 legitur
1197 1548 1307 1603 apud
1330 1547 1523 1591 Bulland.

147 1616 247 1647 tom.
279 1609 311 1647 Ι.
346 1606 532 1648 Sanctor.
565 1607 615 1647 ad
655 1608 765 1648 diem
798 1607 911 1648 VIII.
936 1608 1058 1648 Tunc
1078 1608 1123 1648 S.
1150 1607 1316 1648 Gelasii
1333 1608 1531 1649 Romam·

143 1664 372 1719 Pomfflcis
403 1667 655 1708 auctoritate
676 1696 689 1716 ,
735 1675 774 1706 et
813 1664 1112 1722 Neapolitano
1138 1666 1305 1719 populo
1324 1668 1525 1724 exequiis

142 1723 396 1763 reverendis
432 1734 686 1765 occurrente
724 1725 768 1764 in
802 1726 989 1766 Castello.
1024 1724 1271 1766 Lucullano
1314 1740 1400 1779 per·
1436 1740 1527 1766 ma-

140 1795 222 1821 nus
261 1781 306 1821 S.
345 1779 541 1824 Victoris
575 1782 795 1837 Episcopi
821 1784 1047 1824 mausoleo
1068 1814 1083 1833 ,
1137 1781 1256 1841 quod
1296 1784 1526 1838 praedicta

126 1841 333 1889 foemina
368 1839 551 1897 (nempe
581 1840 795 1890 Barbara,
830 1857 935 1897 quae
967 1839 1142 1882 eundem
1193 1841 1232 1882 S.
1283 1843 1522 1883 Severinum

136 1897 318 1953 sepelivit
350 1897 367 1955 )
401 1899 639 1948 Condidit,
684 1900 959 1941 conlocatum
1003 1909 1077 1940 esc.
1127 1899 1226 1955 Qua
1261 1900 1522 1942 ‘celebritate

135 1957 255 1997 multi
285 1957 566 2011 languor-ibus
602 1957 755 2012 qfflicti
784 1973 988 2014 recepere
1007 1958 1245 2001 sanitatem.
1259 1962 1378 2000 Inter·
1408 1973 1518 2016 quos

142 2015 359 2069 quaedam
383 2047 395 2065 ‚
443 2017 840 2073 cumgravissimae
867 2017 1147 2076 aegritudinis
1188 2027 1413 2072 pateretur·
1452 2018 1516 2058 in-

137 2074 413 2115 commodum
436 2109 449 2128 ,
478 2089 792 2131 propreranter
836 2080 1050 2128 occurrit,
1100 2085 1141 2116 et
1187 2077 1388 2133 ingressa
1442 2078 1518 2118 sub

136 2131 366 2183 vehiculo,
410 2149 495 2192 quo
539 2148 698 2189 corpus
756 2138 1000 2177 venerabile
1041 2137 1516 2188 portabatur‚2,stalim

145 2190 283 2231 caruit
315 2195 437 2235 omni
467 2194 693 2250 languore,
728 2194 793 2236 Ex
826 2195 887 2236 his
922 2195 1062 2241 verbis
1102 2195 1240 2251 ecquis
1270 2193 1412 2248 adest,
1444 2195 1514 2251 qui

1065 2252 1088 2276 -κ
