1920 2579
1428 101 1505 140 103

133 166 257 210 runt,
296 154 410 212 quod
441 152 640 212 opidum,
673 158 719 194 'ut
751 165 772 193 e
805 149 1004 195 Strabone
1035 150 1280 207 ediscimus,
1317 168 1507 213 magnam

134 227 226 257 aute
259 215 526 255 defectionem
558 212 691 254 fuerat
719 224 900 268 passum.
1435 210 1438 214 '

248 274 288 315 Si
319 282 454 314 autem
487 271 712 313 Mantuano
741 271 822 314 vati
853 268 946 312 AEn.
979 268 1071 312 VH.
1121 284 1158 312 v·
1211 274 1293 327 733
1338 283 1378 314 et
1426 288 1515 333 seq.

129 330 368 388 praest-auda
398 341 457 373 est
487 328 617 381 fides,
648 339 688 370 et
717 331 890 385 seposita
923 330 1078 385 poetica
1111 330 1374 385 narratione,
1430 335 1510 376 Tea

126 390 289 443 leboae,
321 390 403 432 sive
431 388 545 446 quod
579 387 722 429 Graeci
754 387 905 428 fuerint
924 418 939 439 ,
975 388 1058 429 sive
1109 386 1332 432 Phoenices
1351 421 1362 443 ,
1413 406 1511 435 cuni

127 451 169 493 iu
201 448 356 491 Italiam
388 447 686 504 pervenissent,
719 445 896 504 Capreas
928 447 1106 488 insulam
1151 460 1420 505 occuparunt.
1456 451 1510 492 n-

127 510 260 551 lorum
292 521 361 548 rex
390 506 522 548 Telon
554 508 637 549 iam
666 519 785 547 senex
817 505 1049 563 nympham
1078 505 1344 548 Sebethiuem
1376 507 1418 547 in
1434 524 1517 551 ma-

128 567 371 609 trimonium
402 565 478 608 sibi
508 563 768 608 conlocavit:
801 579 849 606 ex
883 564 943 604 his
978 565 1132 620 nuptiis
1163 574 1278 606 ortus
1311 566 1506 622 Oebalus,

129 629 201 684 qui
234 635 350 682 patre
381 640 401 665 e
433 625 534 668 vivis
565 633 731 679 erepto,
764 637 837 664 nec
870 623 1248 664 insularcon‘tentus
1269 655 1281 674 ,
1317 639 1390 666 sua
1423 627 1506 668 vir·-

130 696 216 726 tute
249 685 346 724 alias
377 681 484 724 bello
516 692 652 738 gentes
683 680 854 736 subegit.
887 681 1048 723 Idcirco
1083 696 1181 723 cum
1210 681 1316 738 leges
1349 684 1402 725 ad
1434 701 1507 741 pa-

135 753 245 784 catos
274 741 397 782 feri-et
429 742 514 796 ipse
544 740 718 796 populos
737 772 752 792 ,
781 740 948 795 eiusque
981 740 1131 780 virtute
1163 750 1202 780 et
1234 742 1357 782 armis
1389 753 1506 784 com-

132 801 237 856 pulsi
269 813 410 843 omnes
440 797 498 839 iili
528 806 715 853 gererent
734 810 917 848 morem,
951 796 1205 853 propinquae
1224 799 1298 853 ipsi
1320 814 1362 840 se
1380 801 1514 842 subie-

135 868 278 899 cerunt
309 866 469 911 gentes,
503 856 547 898 in
577 855 691 897 cuius
723 857 844 895 etiam
876 864 1116 909 potestatem
1150 856 1296 896 cecidit
1317 859 1511 900 Hercula.

129 930 266 954 neum·
298 915 386 968 Ipse
419 912 597 955 Oebalus
628 911 762 952 adhuc
794 912 921 952 vitam
952 910 1094 964 agebat
1114 941 1124 960 ‚
1155 926 1252 954 cum
1284 916 1452 956 Troiani
1471 919 1513 959 in

134 971 292 1013 Italiam
323 970 639 1024 adnavigarunt3
672 978 921 1027 quapropter
953 981 1051 1011 cum
1082 968 1210 1012 AEnea
1244 985 1390 1028 eorum
1410 974 1515 1017 duce

133 1040 351 1073 amicitiam
385 1037 608 1070 constituit.

247 1090 450 1130 incertum
484 1101 578 1128 vero
610 1096 668 1128 est
698 1100 881 1143 quonam
911 1085 1089 1129 evenerit
1121 1101 1232 1141 aevo,
1268 1099 1312 1131 ut
1341 1092 1501 1136 Hercu·
1521 1102 1656 1140 Cumani,
1682 1110 1743 1136 ηαξ

129 1146 310 1188 lanenses
342 1147 382 1188 in
415 1147 701 1188 Cumanorum
734 1145 964 1188 transierint
995 1156 1249 1202 potestatem:
1271 1150 1369 1193 haec
1391 1154 1498 1196 enim
1519 1141 1748 1175 S³m¹¹i¹²⁵’¹“¹¹⁰

128 1220 222 1273 gens
256 1206 385 1247 multo
419 1206 497 1247 fuit
528 1206 729 1263 potentior
751 1233 764 1254 ,
793 1219 919 1262 quam
939 1205 1011 1246 alia
1029 1220 1133 1262 quae
1153 1206 1321 1262 quidem
1340 1213 1501 1269 sequiof
1520 1175 1744 1243 ἷέἑὼεῗέῡξὲἓῖ

127 1279 163 1305 ri
192 1277 291 1306 aevo
323 1264 446 1307 etiam
477 1265 518 1306 in
550 1264 836 1306 Romanorum
881 1265 1067 1320 pervenit
1118 1263 1366 1311 dominium.
1400 1272 1501 1316 Post
1539 1249 1728 1314 ‘iifissifflh‘i‘lm

131 1323 339 1365 Cumanos
369 1338 392 1365 a
424 1323 674 1366 Samnitibus
704 1322 1009 1365 Herculaneum
1041 1323 1121 1365 fuit
1152 1325 1481 1375 administratum

126 1390 224 1421 ante⁴
251 1395 408 1437 quos2a
439 1382 665 1440 Tyrrhenis
695 1380 998 1437 occupabatur,
1030 1385 1101 1438 qui
1136 1385 1362 1441 Campania
1381 1365 1511 1433 domi,-

128 1439 213 1480 nati
243 1450 338 1480 sunt
369 1442 486 1482 annis
520 1441 705 1497 pluribus
726 1469 739 1489 ‚
771 1450 810 1479 et
840 1441 1041 1482 Samnites
1072 1456 1214 1483 eorum
1235 1444 1399 1488 finitimi
1420 1462 1512 1506 post

134 1496 305 1553 longum
339 1514 433 1541 cum
469 1500 612 1544 iisdem
645 1498 800 1542 bellum
831 1508 988 1554 gestum
1012 1528 1024 1548 ,
1057 1509 1097 1539 et
1130 1503 1295 1543 taudem
1325 1505 1515 1550 <lemica-2

133 1556 193 1606 ti,
226 1571 322 1612 pace
353 1558 507 1599 reddita
541 1566 799 1608 statuerunt,
831 1568 877 1598 ut
911 1558 1119 1613 Tyrrheni
1152 1560 1400 1618 Campaniae
1434 1541 1512 1610 jiiis

135 1613 324 1656 cederent
356 1628 527 1671 partem.
562 1620 618 1660 At
650 1617 804 1657 factum
836 1626 897 1657 est
938 1625 983 1655 ut
1030 1617 1232 1661 Samnites
1280 1638 1375 1664 cum
1423 1626 1512 1668 jure

139 1671 233 1712 belli
266 1688 331 1714 eas
361 1688 625 1733 occupassent
657 1673 874 1730 regiones,
907 1688 1002 1717 suos
1034 1675 1288 1731 prodiderint
1335 1683 1510 1726 foedera.

141 1739 216 1771 tos.
250 1732 374 1772 Fama
409 1749 502 1776 vero
536 1746 623 1788 est,
657 1743 781 1775 noctu
815 1744 906 1789 post
937 1733 1136 1775 sollemne
1165 1736 1320 1780 editum
1339 1746 1508 1797 epulum

137 1797 176 1827 et
208 1787 354 1829 festum
380 1821 391 1842 ‚
423 1806 505 1846 quo
539 1802 723 1849 tempore
754 1792 959 1848 Tyrrheni
992 1791 1169 1842 Baccho,
1187 1794 1429 1857 Venereque
1460 1818 1514 1844 se.

138 1846 272 1899 pulti,
307 1861 355 1887 en
389 1848 589 1892 Samnites
627 1848 778 1907 perfide
812 1851 853 1890 in
889 1848 1125 1906 Tyrrhenos
1164 1851 1384 1910 irruentes,
1408 1861 1512 1901 etii,

134 1902 269 1944 lorum
307 1904 406 1947 facta
443 1907 753 1959 internecione,
797 1910 1006 1965 Capuam,
1051 1917 1259 1966 totamque
1295 1929 1512 1976 occupasse

137 1960 420 2020 Campaniam.
454 1967 554 2008 Inde
590 1983 637 2009 ex
669 1965 839 2024 perfidia
878 1967 1098 2022 Campania
1127 1983 1197 2024 per
1216 1971 1415 2019 Samnites
1451 1995 1512 2021 ca„

133 2031 200 2075 pta
218 2051 229 2072 ,
265 2031 304 2062 et
337 2024 595 2068 Herculaneo
634 2029 776 2082 utpote
804 2024 906 2067 urbe
935 2035 1040 2066 recte
1058 2029 1231 2079 munita,
1250 2046 1396 2076 novem
1419 2050 1508 2094 post

139 2093 265 2120 annos
299 2080 348 2122 ab
381 2083 523 2125 iisdem
561 2094 821 2142 expugnato,
867 2099 914 2126 eo
958 2098 1087 2140 usque
1127 2099 1226 2129 sunt
1268 2090 1481 2137 dominati*

144 2135 273 2179 donec
304 2137 477 2183 Romani
504 2157 639 2200 rerum
679 2142 839 2184 domini
866 2143 974 2184 idem
1000 2158 1266 2200 occuparunt.
1290 2153 1407 2195 Hanc
1426 2128 1508 2197 ons.

141 2203 234 2236 nem
259 2201 552 2243 enarrationem
573 2201 710 2258 prodit
737 2202 956 2246 Patavinus
991 2207 1135 2245 auctor
1160 2204 1230 2249 hb.
1265 2208 1339 2252 IV.
1358 2227 1391 2253 c.
1442 2229 1506 2268 ¹9·

247 2254 304 2295 Ita
330 2256 503 2300 Romani
537 2261 797 2303 Herculaneo
828 2256 949 2317 potiti
982 2259 1095 2304 fuere
1142 2281 1249 2308 anno
1296 2270 1493 2314 CXVIII.
1519 2277 1664 2317 Q‘¹⁰.²¹²¹¹⁰
1679 2278 1725 2304 Ἄο-

129 2322 217 2363 Ὠθῧῑ
250 2314 396 2373 Papirii
429 2318 636 2375 Atratini,
672 2329 711 2363 et
735 2320 876 2366 Nautii
916 2318 1058 2364 Rutilii
1094 2323 1365 2372 Consulatum
1387 2347 1495 2375 anno
1516 2315 1734 2377 iiffiiui‘fbepm
