1920 2579
1510 151 1566 193 35

185 230 239 257 se.
271 211 385 255 Idem
417 211 539 254 sentit
570 209 716 253 Strabo
749 210 818 252 lib.
850 209 903 252 V.
936 208 1089 264 Geogr.
1133 209 1186 250 Et
1218 205 1261 250 re
1294 207 1461 266 quidem
1495 225 1565 254 ve-

181 288 228 315 ra
258 271 533 314 dubitandum
563 269 674 312 haud
707 281 797 322 est,
849 269 950 325 quin
997 268 1095 311 olim
1146 282 1263 309 mons
1317 269 1383 308 hic
1429 268 1562 324 ignem

183 331 412 373 evomuerit
444 345 490 370 ex
524 340 710 385 tempore
742 327 1072 370 immemorabili.
1109 328 1263 369 Montis
1296 327 1405 368 enim
1438 342 1559 368 cacu-

182 404 275 431 men
301 419 311 441 ,
344 399 382 429 et
414 388 546 430 vicina
579 387 664 429 loca
698 388 741 429 id
772 386 888 430 facile
919 397 1283 440 commonstrant,
1317 394 1412 426 cnm
1431 386 1563 427 extin-

183 459 270 490 ctae
301 448 450 503 passim
484 447 620 493 adsint
654 447 844 488 materiae
879 447 977 487 olim
1011 445 1062 486 ab
1096 444 1245 486 eodem
1279 453 1505 487 eructatae.

302 507 434 561 Super
465 506 545 548 hoc
581 517 720 550 monte
751 507 825 547 sita
858 515 916 546 est
950 519 1073 561 parva
1093 535 1106 554 ,
1149 503 1218 544 sed
1264 505 1432 562 antiqua
1486 503 1563 546 Ee·
1594 503 1762 568 δἘῐῇἳζξὶζῑξ

187 563 306 605 clesia
343 562 409 622 ζ.)
447 580 470 605 a
501 565 774 606 remotissimo
808 563 1030 607 Christiani
1063 562 1243 605 nominis
1275 576 1372 603 aevo
1421 565 1470 604 Β.
1502 563 1565 604 Ia-

184 622 330 664 nuario
362 625 650 665 Beneventano
683 623 892 674 Praesuli,
929 633 969 664 et
1000 621 1221 678 praecipuo
1254 619 1381 673 urbis,
1410 621 1563 677 Regni-

187 695 270 738 que
301 681 557 738 Neapolitani
588 683 766 724 Patrono
797 681 929 724 dicata
962 697 1056 723 cum
1107 693 1235 738 parvo
1283 678 1567 735 Cappuccino-

189 753 285 781 rum
320 739 547 782 Coenobio.
579 740 645 781 Ob
677 742 920 784 memoriam
951 754 1049 784 vero
1081 740 1126 780 B.
1166 738 1342 780 Ianuarii
1381 738 1567 781 Puteola-

186 798 232 838 ni
265 811 314 838 eo
347 797 425 839 loci
459 797 659 854 templum
692 799 770 839 hoc
802 804 1024 851 sacrarunt,
1045 799 1084 839 in
1118 811 1203 854 quo
1235 797 1406 852 ipsemet
1428 811 1560 852 quon-

185 854 284 897 dam
314 855 367 898 ob
400 857 675 899 Christianam
708 857 958 913 Religionem
991 872 1014 897 a
1046 855 1294 914 Campaniae
1342 857 1565 898 Proconsu-

183 912 222 953 Ie
252 913 538 966 Diocletiano,
570 927 608 958 et
641 916 921 958 Maximiliano
955 915 1276 971 Imperatoribus
1308 913 1438 968 eapite
1485 914 1565 955 fuit

181 969 337 1025 plexus.
368 975 418 1014 In
450 976 603 1030 templo
630 973 781 1015 colitur
811 973 946 1015 adhuc
978 988 1136 1026 saxum,
1166 972 1282 1030 quod
1314 981 1564 1026 supertrun·

184 1037 300 1069 catus
329 1029 461 1071 fuerat
494 1032 604 1074 idem
625 1064 637 1085 ‚
669 1031 866 1088 quodque
899 1046 1009 1073 nunc
1042 1032 1165 1073 etiam
1195 1043 1460 1085 conspersum
1477 1031 1555 1072 mi-

183 1085 300 1127 rabili
335 1089 495 1131 Cruore
525 1090 567 1131 in
617 1091 935 1147 praesentiarum
983 1090 1194 1141 cernitur3
1241 1099 1280 1129 et
1334 1088 1556 1141 quotannis

184 1158 281 1186 cum
313 1146 494 1189 eiusdem
527 1148 626 1190 festa
666 1157 917 1204 peraguntur
937 1179 949 1202 ‚
985 1148 1153 1204 Sanguis
1185 1147 1252 1189 hic
1272 1142 1443 1188 ebullire
1461 1160 1557 1189 con-

182 1204 369 1259 spicitur.
555 1250 559 1255 ,

300 1261 431 1320 Supra
461 1264 775 1321 Sulphurariam
805 1275 864 1308 est
901 1276 1045 1325 crypta
1094 1264 1393 1318 vetustissima,
1441 1264 1558 1311 euius

160 1333 297 1362 rnunc
328 1323 464 1378 aliqua
497 1334 621 1366 restat
654 1339 775 1382 pars,
807 1338 912 1382 quae
943 1326 1108 1381 oppleta
1140 1325 1282 1367 multis
1313 1324 1461 1366 abhinc
1478 1338 1559 1364 sae·

185 1379 287 1419 culis
323 1391 408 1431 est,
440 1397 566 1439 eaque
598 1394 656 1425 est
685 1384 812 1424 instar
842 1383 1135 1438 Neapolitanae
1165 1384 1248 1426 iam
1275 1398 1398 1440 supra
1415 1383 1557 1423 descri-

184 1445 309 1489 ptae,
342 1439 604 1494 eiusdemque
634 1439 873 1480 latitudinis.
906 1440 1011 1481 Sunt
1042 1441 1112 1497 qui
1146 1441 1320 1482 credunt
1340 1472 1352 1490 ,
1386 1455 1483 1481 eam
1530 1456 1554 1480 a

182 1492 362 1533 Puteolis
393 1494 443 1535 ad
475 1498 685 1542 Anianum
723 1512 852 1554 usque
882 1496 1018 1540 lacum
1050 1499 1172 1540 fuisse
1207 1499 1461 1554 productam,

298 1552 430 1607 Prope
463 1553 573 1595 hune
605 1555 858 1609 descriptum
891 1555 1112 1598 vulcanum
1159 1556 1385 1613 adsurgunt
1433 1557 1555 1599 colles
1574 1574 1770 1603 conanum-

181 1607 435 1664 Leucogaei,
468 1610 591 1652 hodie
622 1612 899 1657 Z'Alamera.
931 1614 1020 1657 Hos
1053 1617 1109 1656 ita
1141 1615 1334 1657 describit
1385 1615 1555 1658 Sanfeli-
1642 1613 1716 1647 μεὶ-

162 1667 268 1708 „cius
300 1667 352 1709 de
385 1669 496 1724 Orig.
532 1670 683 1728 Camp.
716 1687 806 1728 pag.
844 1673 895 1714 15
928 1672 1039 1716 Post
1072 1675 1155 1715 lzos
1180 1684 1349 1716 montes
1368 1677 1559 1717 albicant

177 1724 429 1782 'Leucogaei
456 1729 689 1772 aluminosi
722 1732 889 1784 colles,
932 1745 976 1774 a.
1000 1732 1195 1774 candore
1239 1747 1396 1776 nomen
1450 1734 1555 1789 ade-

177 1783 422 1838 ptisapud
452 1800 557 1839 quos.
593 1797 696 1828 teste
724 1790 896 1841 Plinio,
935 1792 1157 1842 scatebant
1188 1793 1374 1833 balneae
1413 1794 1555 1833 oculis

183 1855 312 1895 opem
332 1843 531 1894 ferentes
556 1873 568 1893 ,
595 1855 638 1887 et
678 1847 939 1888 vulneribus.
977 1849 1174 1890 Subiacet
1194 1864 1366 1904 parvus
1428 1852 1556 1891 lacus

185 1901 217 1964 (·
243 1913 389 1955 nempe
422 1901 606 1944 Anianus
639 1900 656 1960 )
693 1906 906 1946 sterilibus
955 1907 1129 1948 omnino
1183 1908 1318 1965 aquis.
1369 1908 1425 1949 Hi
1475 1908 1556 1949 effi-

183 1967 297 1999 ciunt
325 1973 492 2015 parvam
522 1959 695 2004 collium
726 1973 912 2007 catenam
939 1964 1034 2008 albo
1064 1965 1214 2008 colore.
1252 1966 1313 2008 Ibi
1346 1979 1442 2009 vero
1464 1966 1552 2016 alu-j

180 2080 1526 2113 ’'’.—·-·—·····——-—-——·-—.--—·--·-——-—

279 2165 341 2217 (1)
368 2165 582 2226 Stiltingius
611 2168 646 2225 in
674 2169 773 2207 Actis
798 2170 837 2208 S.
879 2172 1067 2217 Ianuarii,
1102 2180 1135 2210 et
1172 2174 1367 2212 Sociorum
1405 2189 1549 2228 paragr.

184 2232 227 2256 ια.
256 2230 336 2267 pag.
373 2217 442 2272 [43
470 2229 593 2255 asserit
621 2219 720 2257 illam
747 2221 947 2258 Ecclesiam
973 2223 1013 2261 S.
1043 2225 1204 2263 Ianuarii
1232 2224 1270 2261 in
1295 2226 1388 2263 Foro
1418 2228 1552 2264 Vulca-

177 2271 214 2305 ni
245 2281 316 2304 non
346 2266 453 2322 fquse
482 2277 639 2307 erectam
669 2270 705 2305 in
734 2273 806 2321 ipsa
833 2271 1067 2321 Sulphuraria
1085 2301 1095 2318 ‚
1121 2277 1182 2314 sed
1229 2275 1268 2311 in
1310 2277 1401 2314 colle
1441 2291 1549 2329 prope

179 2318 482 2369 Sulphutauam‚
510 2331 574 2358 nec
601 2321 639 2359 in
667 2321 744 2372 ipso
771 2325 965 2373 martyrii,
994 2324 1054 2363 sed
1077 2326 1118 2393 ln
1145 2326 1355 2378 sepulturae
1382 2328 1476 2367 loco.

1076 2407 1095 2426 ἓ
