1920 2579
76 346 153 372 Mons
172 347 296 382 Gaurus-2

110 2128 188 2154 uons
208 2125 319 2154 Cincreu

311 115 367 164 42

310 171 474 222 didere3
509 171 622 229 isque
652 172 766 215 loeus
796 185 893 228 prae
924 173 1064 217 ceteris
1095 174 1181 217 aliis
1213 174 1265 217 ab
1296 174 1474 233 antiquis
1503 177 1546 218 in
1598 175 1703 221 delia

313 229 383 271 ciis
417 230 589 272 habitus.
623 232 733 272 Hinc
764 231 984 285 villarum,
1020 244 1058 276 et
1090 233 1372 277 aedificiorum
1388 234 1524 277 adhuc
1544 238 1698 279 restant

316 300 560 346 sumptuosa
592 290 752 331 rudera.

431 348 526 389 Non
561 348 704 403 procul
734 364 754 389 a
790 349 965 391 Puteolis
995 350 1175 408 adsurgit
1225 365 1344 394 mons
1376 351 1541 393 Gaurus
1563 383 1575 402 ,
1623 352 1701 394 ho·

315 405 481 448 dicdum
515 416 655 448 monte
686 408 883 449 Bar-baro
907 441 921 460 ,
958 410 1072 451 cuius
1105 409 1256 453 radices
1289 412 1389 451 olim
1409 409 1460 451 ad
1480 412 1695 452 Avernum

311 480 438 521 usque
469 465 638 516 lacum,
675 476 714 506 et
744 481 792 507 ex
822 467 898 508 alia
946 478 1060 523 parte
1103 470 1155 510 ad
1203 470 1432 511 Lucrinum
1482 468 1699 524 protende-

311 524 460 565 bantur
484 555 497 575 ,
530 523 844 581 seiungebatque
877 525 1149 568 Puteolanum
1181 543 1201 568 a
1235 527 1384 568 Baiano
1414 541 1572 582 agrum.
1605 530 1696 569 Me-

311 593 495 625 moratur
526 582 577 623 ab
607 584 811 639 antiquis,
845 595 884 627 et
918 587 1155 641 praesertim
1188 601 1208 625 a
1244 584 1371 626 Statio
1401 585 1497 625 Silv.
1517 584 1586 626 lib.
1606 585 1689 628 IV.

310 657 345 683 c.
378 644 403 684 3
439 651 477 682 et
509 656 530 681 a
564 641 733 683 Lucano
764 642 833 684 lib.
867 643 918 684 ΙΙ.
955 658 992 686 V.
1027 643 1124 697 667.
1147 644 1355 685 Ausonius
1376 641 1691 700 ldyll.X.hunc

312 710 494 742 montem
526 699 737 755 quondam
769 700 1033 755 conflagrasse
1065 702 1202 743 canit:
1236 703 1311 743 hac
1360 701 1484 756 igitur
1535 702 1693 742 ratione

310 759 438 800 credit
469 757 710 798 Gauranum
745 757 888 801 viuum
920 757 1008 801 aliis
1040 759 1092 801 ob
1124 761 1257 817 iguis,
1294 769 1334 801 et
1381 758 1588 816 sulphuris
1641 759 1698 799 fe-

312 818 521 859 racitatem
556 815 801 870 praeclarius
832 817 966 860 fuisse.
1678 848 1680 850 -

430 876 629 930 Capacius
661 876 766 917 Hist.
801 875 928 934 Neap.
960 876 1033 920 lib.
1067 879 1119 920 II.
1153 894 1189 920 c.
1225 884 1281 929 24
1334 875 1403 917 ubi
1455 875 1506 917 de
1552 876 1698 918 Gauro

313 940 436 979 verba
471 934 598 984 facit,
637 945 716 974 tre-s
751 934 930 977 eiusdem
966 938 1144 979 nominis
1177 947 1334 977 montes
1366 933 1589 988 distinguit:
1624 935 1703 989 pri-

314 1009 405 1037 mus
437 992 488 1034 de
520 1008 604 1049 quo
636 993 726 1033 heic
758 1009 921 1036 sermo:
954 994 1054 1037 alter
1085 997 1156 1052 qui
1205 994 1351 1035 Stabiis
1401 993 1589 1032 imminet
1615 1023 1626 1042 ‚
1673 1006 1697 1030 a

315 1066 402 1111 quo
437 1054 602 1093 nomine
651 1064 745 1107 puta
800 1051 1079 1106 Gauranum,
1127 1054 1189 1094 vel
1241 1051 1475 1095 Varanum
1523 1063 1704 1106 pagum,

317 1112 389 1169 qui
422 1125 444 1149 a
477 1109 621 1150 Stabiis
655 1108 797 1165 procul
827 1110 976 1163 distat,
1013 1127 1164 1153 nomen
1194 1127 1216 1152 a
1249 1111 1392 1152 Gauro
1433 1108 1602 1149 forsitan
1657 1118 1702 1146 u-·

318 1183 515 1225 surpasse.
548 1167 733 1209 Tertium
766 1169 944 1213 eiusdem
977 1171 1155 1213 nominis
1188 1179 1374 1211 montem
1408 1181 1492 1208 esse
1538 1167 1595 1207 ait
1645 1164 1699 1205 ad

320 1228 539 1269 Massicum
571 1241 698 1282 prope
730 1228 962 1270 Minturnas
988 1261 1000 1278 ‚
1031 1240 1069 1270 et
1117 1231 1336 1271 Suessam:
1386 1224 1509 1282 idque
1558 1222 1704 1280 probat

321 1287 559 1335 Ciceronis,
593 1296 631 1325 et
663 1285 778 1326 Statii
807 1288 1078 1340 auctoritate,
1126 1288 1197 1330 ubi
1229 1286 1309 1341 agit
1355 1284 1407 1325 de
1455 1285 1515 1325 via
1562 1283 1707 1323 Domi-

322 1346 445 1386 tiana.

441 1404 563 1442 Hunc
598 1413 778 1443 montem
813 1404 934 1444 fuisse
964 1405 1142 1446 sterilem
1179 1402 1331 1456 (sicuti
1363 1399 1588 1441 hodiedum
1622 1394 1712 1452 est)

325 1463 365 1502 in
399 1459 646 1517 quibusdam
680 1460 865 1516 partibus
897 1475 1063 1503 narrant
1097 1461 1314 1510 historici,
1351 1458 1420 1502 sed
1457 1457 1558 1498 vinis
1612 1455 1713 1496 fera-

325 1521 550 1562 cissimum.
584 1518 737 1559 Plinius
768 1519 872 1560 Hist.
905 1523 1052 1564 Natur.
1092 1521 1163 1563 lib.
1212 1519 1333 1560 XIV.
1385 1532 1419 1566 c,
1470 1517 1494 1554 6
1548 1513 1616 1554 ubi
1664 1512 1718 1552 de

327 1577 515 1622 Gaurani
549 1577 631 1618 vini
662 1577 897 1620 excellentia
929 1581 1040 1635 agit,
1073 1582 1129 1621 sic
1159 1577 1329 1619 scribitx
1362 1578 1541 1618 Certant
1576 1570 1706 1611 Mas-

328 1639 424 1680 sica
456 1651 594 1693 aeque
613 1667 626 1686 ,
658 1652 719 1677 ex
750 1648 887 1678 monte
922 1638 1074 1680 Gauro
1104 1636 1341 1685 Puteolos,
1375 1636 1597 1689 Baiasque
1607 1645 1708 1685 pro·

331 1695 583 1749 spectantia.
618 1695 673 1734 Et
703 1710 723 1735 a
758 1694 938 1737 Iuvenali
969 1697 1078 1738 idem
1110 1693 1300 1737 asseri-tur
1331 1695 1464 1752 Satyr.
1491 1690 1562 1731 LX.
1583 1703 1620 1754 v:
1643 1689 1710 1729 56.

336 1755 569 1795 Athenaeus
603 1754 724 1794 etiam
758 1753 828 1796 lib.
861 1755 890 1795 I.
925 1758 1046 1797 huius
1076 1753 1226 1796 montis
1261 1755 1511 1793 mentionem
1544 1747 1650 1807 facit.
1689 1806 1696 1813 .

457 1815 520 1854 De
551 1813 692 1853 ostreis
723 1827 819 1855 vero
851 1812 1055 1855 Gauranis
1090 1817 1110 1870 (
1163 1820 1303 1868 utpote
1340 1812 1522 1852 'huiusce
1571 1816 1720 1873 montis

341 1869 494 1912 radices
523 1872 575 1913 ad
608 1888 717 1914 mare
752 1887 878 1928 usque
909 1872 1212 1929 protenduntur
1243 1871 1263 1925 )
1311 1871 1568 1933 mentionem·
1623 1865 1721 1904 lacit·

342 1931 488 1971 citatus
520 1931 718 1973 Iuvenalis
750 1932 884 1988 Satyr.
916 1934 966 1973 X.
999 1931 1238 1973 Hodiedum
1272 1943 1390 1969 mons
1434 1927 1490 1968 ob
1537 1923 1718 1990 elusdem

321 1987 593 2032 .sterilitatem
627 1991 850 2032 Barbarus
881 1990 1076 2032 salutatur
1106 2022 1119 2042 ,
1175 2001 1220 2030 ut
1253 1987 1401 2045 passim
1439 1989 1496 2027 in>
1518 1985 1620 2027 loc¹⁵
1656 1997 1715 2020 Vl·

344 2047 438 2090 dere
470 2060 540 2090 est.
1455 2058 1457 2062 “
1529 2102 1536 2109 ·

322 2133 343 2152 s.
462 2108 528 2150 Ad
563 2110 682 2150 huius
714 2110 865 2151 montis
896 2109 1049 2151 laevam
1100 2105 1281 2162 adsurgit
1327 2119 1449 2147 mons
1490 2101 1683 2142 Cinereus
1702 2123 1726 2148 ,-

345 2167 500 2208 Monte
531 2168 717 2220 Νιιουο,
751 2171 822 2224 qui
865 2168 1033 2224 quidem
1081 2167 1304 2209 exsurrexit
1347 2177 1454 2203 anno
1505 2160 1727 2226 Reparatae

347 2225 493 2266 Salutis
524 2227 849 2269 MDXXXVHI.
897 2238 1082 2282 vergente
1136 2241 1272 2267 mense
1325 2219 1566 2277 Septembri.
1610 2218 1727 2257 Iuvat

349 2285 436 2329 heic
470 2300 685 2339 enarrare,
717 2285 926 2345 quomodo
974 2287 1072 2328 haec
1119 2285 1297 2330 evenerit
1350 2279 1572 2324 subversio.
1619 2277 1727 2330 Ager
