1920 2579
1425 105 1502 152 ¹45}

140 174 228 213 ter,
276 171 315 204 et
345 157 645 217 Pausilypum:
672 166 732 199 ,at
765 155 968 198 ubinam?
998 156 1037 198 in
1079 172 1126 199 eo
1160 166 1291 199 terrae
1338 157 1504 213 quidem

138 223 298 275 spatio,
336 217 443 276 quod
483 215 711 260 extenditur
745 231 816 272 per
849 225 978 257 totam
1007 217 1177 271 Plagam
1214 215 1503 272 Olympicum7

145 283 272 336 vulgo
303 278 477 320 Riviem
510 276 555 316 (li
595 275 748 331 Clziaja
782 273 832 316 ad
858 284 1022 332 cryptas
1055 290 1182 332 usque
1216 275 1505 324 Platamonias,

140 338 366 393 vulgariter
402 331 694 379 Cln'atamone.
729 332 783 372 Et
805 334 976 374 Ioannes
1008 335 1200 376 Villanus
1223 333 1377 375 Clu-on.
1397 350 1431 376 c.
1453 338 1500 374 31

141 413 257 437 num.
299 400 356 436 13.
380 393 505 434 etiam
538 392 577 432 in
609 391 714 432 hanc
751 390 910 433 videtur
953 393 1196 434 sententiam
1231 392 1506 442 descendere,-

141 455 347 496 scribens:
383 450 478 491 Era
512 450 585 489 nel
621 460 760 504 tempo
795 450 849 490 cle
879 451 922 489 lo
960 451 1070 491 dicto
1105 451 1303 507 Vergilio
1340 467 1397 491 ιιη
1437 467 1505 493 cta-

142 514 266 553 5tello
317 509 518 563 edficato
570 508 719 548 (lamro
765 523 886 549 mare
930 523 1104 564 ncoppcz
1152 524 1237 549 uno
1285 513 1453 565 scoglio
1488 539 1506 560 5,

142 585 262 611 come
289 568 489 624 pet-firm
529 571 599 607 mo
639 564 660 605 ὲ
682 582 755 616 ,ἀ
791 569 833 607 lo
884 568 1014 622 quale
1044 583 1092 607 se
1128 569 1295 609 chiama
1347 571 1391 608 lo
1428 568 1507 609 Ca-

142 625 299 669 ςΐὶθῖίο4
324 627 501 668 [Marino
522 661 533 678 ‚
568 640 592 665 0
631 639 728 666 vero
768 625 814 665 dc·
844 625 987 666 Mar-e.
1022 626 1261 672 Mazochius
1293 626 1340 667 de
1360 627 1509 669 Castro

143 687 309 729 Lucull.
348 684 428 726 alio
461 681 699 741 ponendum
743 684 870 726 credit
902 683 981 726 hoc
1019 684 1210 726 Castrum
1231 716 1242 734 ‚
1275 685 1396 742 idque
1426 701 1509 727 non

148 760 295 801 parum
328 742 377 784 ab
412 743 571 785 Aniano
602 742 708 783 lacu.
746 743 898 783 Verum
917 739 1123 785 enimvero
1145 743 1247 785 illud
1270 744 1311 784 in
1348 760 1398 786 eo
1415 745 1511 786 loco

148 803 330 845 collocat
364 801 479 857 ipse,
511 800 580 842 ubi
621 816 732 842 nune
771 801 992 844 vernaculo
1042 801 1191 843 dicitur
1237 818 1422 844 sermone
1467 804 1513 843 la

155 861 354 903 Tczverna
386 859 499 899 delle
531 859 662 911 Rom,
697 859 766 916 qui
797 860 910 902 locus
948 861 1001 902 ab
1029 861 1193 902 Aniano
1210 876 1356 917 parum
1376 860 1511 903 distat.

147 918 336 960 Blondus
367 918 408 958 in
440 918 530 958 Ital.
566 917 769 975 Descript.
803 918 974 960 eandem
1005 918 1208 961 Mazochii
1227 920 1407 976 sequitur
1427 919 1516 976 opi-

147 977 347 1027 nionem,
375 976 540 1017 Luculli
587 975 704 1017 villas
726 975 967 1019 describens.
1009 978 1199 1020 Cluerius
1244 979 1334 1021 Ital.
1376 980 1518 1035 Antiq‚

144 1035 213 1077 lib.
248 1036 320 1076 IV.
359 1043 398 1075 et
430 1032 722 1086 Grimaldius,
760 1037 910 1077 Annali
961 1034 1026 1077 del
1072 1037 1249 1092 Regno,
1294 1047 1390 1078 tom.
1444 1037 1512 1077 Vl.

147 1107 280 1151 epoca
312 1094 364 1133 ΙΙ.
398 1090 551 1134 ibidem
586 1093 709 1133 etiam
741 1103 898 1149 ponunt
928 1092 1007 1136 hoc
1038 1094 1243 1136 Castrum.
1274 1093 1514 1137 Mazochius

86 1150 89 1152 ’
142 1153 231 1193 loco
266 1152 334 1194 cit.
369 1165 462 1208 pag,
498 1165 573 1190 211
610 1150 825 1193 concludit
864 1151 1036 1193 omnino
1081 1152 1183 1195 illud
1213 1153 1425 1209 figendum
1469 1153 1514 1195 in

144 1227 189 1254 ea
221 1225 291 1252 ora
313 1241 326 1260 ‚
364 1223 467 1265 quae
499 1218 559 1250 est
607 1209 712 1251 inter
748 1211 970 1265 Puteolos,
1010 1218 1048 1252 et
1098 1222 1287 1269 cryptam
1319 1211 1515 1268 Neapoli-

143 1279 307 1310 tanam:
340 1266 460 1324 idque
491 1263 636 1325 probat
665 1284 715 1309 ex
746 1270 861 1311 Actis
894 1270 1188 1313 Translationis
1229 1272 1267 1312 S.
1303 1271 1479 1311 Severini
1501 1301 1514 1323 9

150 1327 220 1368 ubi
254 1326 300 1367 fit
332 1325 488 1373 mentio
521 1325 571 1365 de
604 1341 761 1380 campo
797 1328 920 1382 opidi
951 1343 1076 1386 prope
1124 1331 1409 1372 Lucullanum
1443 1329 1516 1369 Ca-

147 1395 289 1426 strum.
322 1382 416 1433 Hoc
449 1384 569 1436 igitur
601 1384 712 1425 iuxta
743 1384 879 1439 ipsum
908 1386 950 1426 in
984 1387 1168 1443 Regione
1187 1388 1432 1429 Balneolana
1455 1396 1517 1428 est

149 1441 389 1500 ponendum
409 1472 423 1491 ,
452 1441 522 1483 ubi
557 1442 724 1484 Luculli
756 1444 852 1485 villa
884 1454 971 1486 erat
992 1444 1101 1487 iuxta
1135 1446 1335 1503 quosdam
1355 1476 1366 1495 ,
1385 1456 1425 1486 et
1443 1445 1511 1487 ubi

147 1510 209 1542 tot
239 1500 417 1541 fabricae
450 1509 631 1543 vetus-tae
673 1499 842 1551 adsunt„

259 1557 476 1614 Temporis
509 1573 728 1615 progressu
762 1575 884 1614 pagus
922 1561 988 1605 hic
1031 1561 1291 1612 adsurrexit,
1340 1565 1379 1604 in
1431 1577 1516 1619 quo
1575 1562 1577 1564 ’

143 1616 357 1673 perplures
389 1615 561 1674 familias
595 1633 617 1658 a
654 1618 829 1659 Lucullo
875 1621 1072 1664 collectas
1120 1621 1375 1663 cohabitasse
1431 1638 1514 1663 erc·—

149 1674 272 1716 ditur.
306 1672 404 1715 Inde
445 1675 518 1716 sub
553 1675 683 1717 Castri
718 1677 935 1719 Lucullani
989 1679 1154 1721 nomine
1200 1681 1375 1737 sequiori
1414 1696 1515 1722 aevo

142 1732 218 1775 fuit
248 1734 460 1776 salutatus.
494 1733 662 1775 Restant
682 1733 815 1778 adhuc
835 1735 876 1777 in
912 1738 999 1793 ipso
1026 1739 1186 1780 Aniano
1204 1739 1298 1781 lacu
1332 1748 1515 1782 vetusto-

147 1807 239 1832 rum
273 1789 468 1833 ruderum
499 1793 708 1848 vestigia,
751 1809 854 1850 quae
903 1795 952 1835 ad
1004 1798 1284 1839 Lucullanum
1336 1808 1518 1840 castrum

145 1849 316 1891 fortasse
349 1851 594 1905 pertinuere.
628 1851 735 1893 Hinc
770 1852 836 1895 via
871 1855 1094 1896 Puteolana
1127 1865 1241 1898 vetus
1276 1856 1425 1912 (cuius
1449 1855 1516 1896 ad-

140 1908 224 1951 huc
257 1923 330 1965 per
364 1923 411 1949 ea
447 1909 539 1951 loca
571 1908 838 1952 adservantur
878 1912 1091 1969 vestigia)
1117 1929 1188 1969 per
1208 1916 1355 1956 Auiani
1379 1913 1517 1969 stagni.

148 1965 246 2007 litus
267 1998 280 2016 ,
312 1975 352 2007 et
383 1981 456 2023 per
487 1968 623 2024 ipsu-m
656 1968 793 2010 lacum
824 1968 1079 2021 ducebatur,
1115 1982 1159 2013 ut
1193 1989 1242 2014 ex-
1289 1971 1517 2015 admirandi

151 2025 288 2082 pontis
319 2023 474 2079 ruinis,
508 2041 610 2082 quae
648 2038 866 2083 supersunt
893 2029 943 2071 ab
981 2030 1144 2072 Amiano
1179 2033 1325 2088 procul
1351 2065 1361 2082 ,
1383 2030 1520 2073 videre

156 2092 227 2124 est.
271 2081 434 2125 Videsis
487 2100 590 2141 quae
643 2084 826 2128 dicemus
876 2087 917 2128 in
965 2089 1182 2132 Dissertat.
1231 2089 1278 2132 de
1331 2090 1522 2147 Antiquis

153 2141 407 2196 Companiae
447 2143 543 2184 Vi-is.
672 2150 674 2152 ’
1257 2182 1260 2183 ⁷

270 2200 554 2244 Lucullanum
585 2201 750 2244 interim
783 2203 865 2246 hoc
898 2204 1088 2248 Castrum
1119 2206 1230 2248 haud
1270 2207 1309 2248 in
1345 2221 1394 2248 eo
1427 2207 1526 2249 loco

154 2272 240 2302 esse
274 2258 432 2318 potuit,
465 2274 562 2305 cum
596 2271 678 2306 tota
724 2262 907 2309 istahaec
939 2265 1055 2322 regio
1087 2266 1350 2323 pestilentiali
1388 2264 1525 2308 halitu
