1920 2579
1559 173 1575 199 ι

242 222 344 268 nihil
375 219 629 276 obstantibus
659 216 937 261 Barbarorum
970 218 1150 265 cladibus
1184 214 1440 273 flammisque
1457 247 1470 269 ,
1510 173 1609 258 nihii

239 285 334 340 ipsis
364 283 534 333 incolis,
567 293 677 321 nunc
708 289 844 320 tamen
876 279 990 334 quasi
1028 291 1163 322 manet
1197 281 1398 331 integrum
1433 285 1605 317 vetusta-

246 345 294 384 tis
329 351 657 383 monumentum.
683 370 687 373 .
870 364 873 368 -

358 404 450 443 Hoc
479 397 825 454 amphitheatrum
857 394 960 435 sicut
992 398 1096 439 illud
1128 397 1239 455 quod
1260 398 1414 437 Romae
1437 424 1450 443 ,
1481 393 1607 433 Vero-

243 475 316 502 nae
333 491 344 512 ,
376 457 583 514 Pompeiis
606 487 620 507 ‚
658 453 836 495 Puteolis
859 484 870 505 ‚
892 454 1058 512 aliisque
1080 468 1201 498 restat
1218 454 1316 497 locis
1335 483 1346 504 ‚
1382 449 1607 492 rotundum

242 518 305 560 vel
337 516 438 560 ovali
471 515 605 572 potius
639 513 772 559 forma
805 527 887 553 esse
918 526 1089 556 constat.
1107 513 1216 558 Illud
1235 525 1330 555 vero
1350 511 1608 565 Campanum

243 577 322 617 fuit
354 575 470 617 variis
505 571 743 615 nominibus
774 572 1037 628 appellatum,
1076 574 1207 617 Cavea
1243 571 1424 628 primum
1455 567 1615 610 dictum

243 636 339 691 quia
373 632 473 675 illud
506 631 688 689 undique
720 642 805 672 erat
837 628 1018 674 clausum
1040 666 1051 686 ,
1083 633 1144 675 vel
1176 632 1218 673 in
1236 631 1384 672 miram
1405 626 1615 684 quandam

246 693 461 748 exurgebat
477 691 780 732 sublimitatem.
815 691 982 734 colisaei
1013 707 1179 749 quoqne
1200 703 1349 731 nomen
1372 687 1406 726 ei
1439 685 1583 728 datum
1602 720 1613 737 ‚

251 762 297 792 ut
330 752 450 791 etiam
484 750 685 800 Romano,
718 747 779 786 uti
810 757 995 790 autumat
1025 752 1089 792 Cl.
1122 749 1359 792 Mazocbius
1375 744 1427 785 de
1461 746 1613 802 Amph.

248 808 393 865 Canu),
443 823 474 849 ρ,
524 823 544 862 7
582 821 674 846 nam
725 803 904 840 Κολοσσός
931 806 1064 848 dictus
1095 818 1177 848 est:
1212 808 1302 853 παρά
1325 806 1364 838 τὸ
1390 803 1551 839 κολουέιγ
1580 807 1621 840 τοὶ

250 869 356 919 ὀσσέ,
389 868 438 907 ab
472 867 771 918 imminuendis,
809 876 849 909 et
883 867 1134 907 decurtandis
1173 868 1301 908 oculis.
1354 867 1516 922 Lipsius
1566 866 1617 908 de

245 924 404 978 Amph.
437 937 470 962 c.
535 934 568 963 ι.
624 922 857 963 Colisaeum
888 921 940 962 ab
989 922 1165 963 Neronis
1197 925 1352 965 colosso
1385 924 1427 964 in
1475 925 1618 966 vicinia

247 991 408 1039 reperto
440 978 596 1020 dictum
629 989 759 1035 putat.
796 978 875 1021 Sed
907 978 1096 1021 laudatus
1139 981 1377 1023 Mazochius
1423 981 1515 1023 loco
1550 985 1618 1027 cit.

248 1056 269 1081 a
304 1039 471 1080 veritate
506 1038 667 1093 penitus
701 1053 851 1080 errasse
885 1038 1073 1094 Lipsium
1107 1039 1281 1090 scribit,
1318 1054 1415 1080 cum
1450 1041 1528 1082 hoc
1559 1058 1623 1082 ae·

250 1097 433 1141 dificium
466 1095 515 1136 ab
548 1096 631 1136 eius
664 1095 864 1139 immensa
899 1096 1037 1148 mole,
1075 1107 1114 1138 et
1145 1113 1166 1138 a
1200 1097 1400 1141 colossaea
1419 1099 1623 1142 celsitudi-

251 1173 300 1198 ne
333 1155 564 1196 doctissime
597 1166 882 1212 nuncupatum
915 1155 1076 1212 probat.
1111 1157 1218 1198 Illud
1241 1157 1406 1199 tandem
1428 1162 1624 1211 Berelais,

251 1217 332 1257 sive
363 1216 559 1256 Berolasis
590 1227 720 1269 usque
751 1213 887 1256 adhuc
918 1213 969 1255 ab
1002 1214 1097 1270 ipsis
1128 1216 1378 1272 Campanis,
1433 1229 1472 1259 et
1519 1235 1625 1276 prae-

252 1273 389 1315 sertim
436 1273 487 1314 ab
519 1271 660 1313 incolis
693 1271 843 1314 dicitur
872 1278 889 1316 i
923 1272 1143 1326 Vorlasci,
1194 1275 1311 1323 cuius
1343 1276 1506 1331 originis
1538 1289 1625 1333 ety-

254 1346 352 1374 mon
387 1331 438 1372 ab
472 1331 619 1373 eodem
651 1331 868 1374 Mazochio
897 1333 1003 1374 clare
1022 1333 1202 1390 aperitur
1224 1365 1234 1387 ‚
1254 1332 1356 1376 illud
1379 1336 1626 1378 vocabulum

258 1406 341 1432 esse
372 1389 603 1432 affirmante
624 1421 641 1442 ,
677 1391 1057 1447 septentrionalium
1090 1392 1340 1447 linguarum,
1372 1405 1411 1435 et
1454 1395 1506 1436 ad
1538 1396 1618 1437 hoc

254 1448 516 1506 probandum
548 1450 709 1503 longam
745 1449 867 1492 affert
897 1462 1118 1493 auctorum
1150 1460 1355 1506 segetem:
1388 1455 1626 1510 praesertim

253 1507 365 1549 adest
398 1507 684 1564 Erchemperti
717 1510 972 1561 auctoritas,
1003 1511 1075 1566 qui
1109 1524 1218 1551 nono
1253 1510 1412 1567 scripsit
1444 1513 1619 1564 saeculo,

257 1577 296 1608 et
339 1567 411 1623 qui
460 1566 511 1607 de
553 1565 734 1623 quodam
783 1568 839 1607 sic
885 1579 1022 1610 narrat
1054 1567 1267 1610 Guaifario
1299 1568 1405 1612 Hist.
1440 1572 1626 1627 Langob.

256 1640 286 1666 c.
320 1635 402 1678 413
434 1625 657 1671 Adveniens
686 1628 913 1678 BerelasLs,
946 1628 1025 1669 hoc
1058 1638 1116 1669 est
1161 1627 1543 1684 amphitheatrum:
1578 1631 1628 1672 ab

259 1683 399 1724 eodem
432 1696 596 1726 auctore
628 1684 729 1725 illud
750 1700 865 1741 saepe
880 1686 959 1729 hoc
980 1686 1144 1731 nomine
1167 1687 1427 1742 significatur.
1462 1690 1499 1730 A
1521 1692 1623 1735 Lan-

264 1741 451 1795 gobardis
481 1758 575 1785 vero
606 1744 649 1784 in
682 1743 781 1785 arcis
813 1745 991 1788 formam
1041 1746 1119 1788 fuit
1164 1746 1242 1787 hoc
1275 1748 1625 1802 amphitheatrum

264 1798 502 1850 redactum,
535 1810 751 1855 postquam
787 1812 942 1843 vetusta
973 1808 1117 1860 Capua
1149 1803 1213 1843 lx
1243 1804 1479 1846 aSaracinis
1498 1821 1631 1847 saecu-

263 1856 303 1897 lo
337 1855 415 1897 fuit
447 1872 594 1899 eversa.
627 1859 757 1899 Moles
775 1869 938 1901 externa
958 1861 1167 1918 quadratis
1195 1861 1350 1916 magnis
1384 1865 1634 1905 convestitur

265 1914 442 1956 silicibus
463 1932 473 1956 ε
505 1916 609 1957 circa
631 1916 980 1972 amphitheatrum
1000 1920 1121 1962 fuisse
1136 1919 1306 1977 gradum
1323 1920 1501 1963 affirmat
1523 1922 1632 1964 idem

261 1973 513 2017 Mazochius.
547 1974 652 2016 Tota
683 1975 809 2015 moles
840 1986 994 2020 structa
1027 1980 1128 2020 saxis
1161 1990 1278 2021 terno
1312 1981 1547 2036 porticuum
1572 1996 1636 2022 or-

263 2031 358 2074 dine
389 2033 428 2072 in
461 2031 602 2074 orbem
635 2032 875 2087 erigebatur.
909 2037 1138 2080 Columnae
1154 2052 1248 2080 vero
1271 2040 1390 2080 variis
1422 2039 1635 2080 ordinibus

268 2101 362 2132 sunt
393 2102 660 2134 constructae.
695 2092 826 2148 Super
857 2094 1052 2139 fenestras
1084 2096 1300 2154 dispositas
1344 2113 1495 2139 corona
1531 2113 1638 2139 mar-

268 2163 403 2191 morea
434 2161 518 2192 erat
548 2152 708 2209 scalpta.
743 2152 874 2209 Supra
906 2154 1078 2198 aedificii
1111 2156 1231 2197 huius
1253 2157 1554 2199 extremitatem
1578 2157 1639 2198 fo-

268 2209 421 2252 ramina
451 2210 493 2250 in
526 2210 667 2254 orbem
701 2212 897 2266 aderant,
930 2231 1002 2272 per
1022 2230 1127 2272 quae
1147 2225 1346 2256 antennae
1365 2216 1638 2258 demitteban-

275 2275 370 2320 tur,
402 2268 550 2328 quibus
580 2271 697 2315 funes
727 2271 780 2314 ad
811 2272 896 2316 vela
928 2274 1160 2328 sustinenda
1181 2273 1419 2330 ligabantur.
1438 2277 1522 2331 Qui
1547 2289 1633 2317 mos

1224 2336 1247 2358 Κ
