1920 2579
1469 101 1544 142 133

177 224 215 262 M
231 253 241 262 ,
258 224 292 260 Μ
310 251 316 259 .
331 220 463 259 HOLC
487 247 494 256 .
515 214 680 258 RUFUS
697 244 707 255 .
719 215 787 254 ET
805 243 815 254 .
833 215 997 253 CELER
1013 214 1280 254 ,CRYPTAM
1298 211 1553 252 TRIBUNAL

316 271 516 312 THEATR
569 297 578 307 .
606 269 630 307 S
659 294 669 306 .
696 268 726 305 P
752 293 763 304 .
789 268 855 307 AD
885 294 895 304 .
923 266 1085 304 DECUS
1112 293 1123 306 ,.
1151 263 1401 304 COLONIAE
1433 292 1441 301 .

182 384 346 424 Praeter
362 381 438 425 hos
472 377 625 436 lapides
659 378 728 421 hic
764 375 868 419 alius
902 376 980 419 fuit
1011 385 1196 436 repertus
1234 392 1356 434 supra
1391 375 1558 420 Themi

182 453 347 497 portam
369 454 379 480 z

295 531 324 566 C
353 557 361 565 .
391 527 638 574 QUINTIUS
668 554 678 565 .
705 526 735 564 C
764 556 772 564 .
802 529 832 565 F
861 555 873 568 .
900 528 939 566 Μ
970 555 979 566 .
1009 527 1216 565 PORCIUS
1249 559 1257 567 .
1286 529 1325 564 M
1354 557 1362 565 .
1391 530 1419 566 F
1450 560 1457 568 .

261 579 458 618 DUOVIR
488 607 496 617 .
525 580 624 617 DEG
655 607 664 617 .
695 579 826 618 DECR
851 605 860 617 .
888 579 1168 617 THEATRUM
1198 606 1207 616 .
1236 580 1449 618 TECTUM
1476 607 1486 617 .

179 691 226 732 In
255 691 333 732 hoc
360 689 538 731 Theatro
578 700 688 732 tecto
725 689 991 741 comoediae,
1036 688 1250 743 mimicae,
1286 701 1326 732 et
1362 691 1560 747 satyricae

183 750 390 797 actiones,
425 759 585 788 necnon
624 757 664 787 et
697 747 858 803 poetica
903 748 1127 790 edebantur
1177 750 1428 801 certamina,
1477 765 1562 791 non

184 821 280 849 vero
317 804 557 859 tragoediae.
600 805 768 847 Illorum
789 805 971 861 primum
989 806 1042 847 ad
1059 804 1178 848 ludos
1199 816 1424 849 nocturnos
1440 807 1563 849 eden—

184 865 257 906 dos
295 863 372 904 fuit
401 873 717 913 constructum3
748 864 925 904 alterum
945 879 1042 905 ‘vero
1075 862 1128 904 ad
1165 864 1337 907 diurnos
1360 897 1372 918 ,
1406 877 1446 908 et
1481 866 1561 907 hoc

182 921 339 963 meliori
371 920 508 960 forma
545 921 623 961 fuit
646 950 657 971 ,
691 919 805 974 quod
845 920 1051 972 integrum
1088 931 1242 962 manet·
1279 922 1391 974 Quin
1411 934 1564 966 restant

181 978 315 1020 adhuc
343 976 546 1019 foramina
582 977 633 1018 ad
665 976 798 1018 malos
829 976 1142 1020 immittendos:
1178 988 1289 1019 stant
1305 979 1552 1023 adhueinte-

179 1052 246 1092 gra
281 1034 444 1078 scalaria
465 1065 476 1086 ,
512 1035 696 1082 διαζόμαῖα
712 1065 724 1087 ,
766 1031 987 1077 vomitoria
1006 1070 1021 1089 ‚
1039 1038 1314 1093 proscenium,
1335 1040 1559 1096 pulpitum,

182 1105 221 1136 et
251 1092 456 1151 quidquid
486 1091 538 1134 ad
572 1092 680 1133 hanc
707 1091 887 1135 fabricae
906 1095 1083 1151 pertinet
1103 1098 1463 1139 constructionem.
1491 1099 1558 1142 Al-

183 1164 320 1196 terum
355 1151 498 1193 eadem
531 1150 666 1192 forma
703 1163 911 1194 marmore
932 1163 1249 1208 constructum,
1283 1155 1324 1195 in
1349 1170 1431 1213 quo
1459 1155 1563 1216 lapi-

180 1212 274 1254 dem
311 1211 422 1252 hunc
462 1225 558 1251 cum
595 1210 653 1250 M.
688 1209 883 1252 Holconii
914 1220 1045 1254 statua
1094 1213 1217 1257 fuisse
1252 1213 1468 1269 creditur,
1513 1226 1562 1259 ut

180 1285 229 1317 ex
264 1270 375 1314 hisce
411 1267 715 1312 characteribus
750 1267 886 1314 adhue
911 1270 1048 1316 videre
1078 1282 1161 1317 est:

182 1407 222 1442 M
249 1431 258 1441 .
273 1403 530 1441 HOLCONIO
556 1432 564 1441 .
583 1404 623 1443 M
645 1432 653 1441 .
674 1405 704 1440 F
726 1433 734 1441 .
759 1402 1053 1445 RUFO.11V1R
1075 1437 1084 1445 .
1106 1409 1123 1444 Ι
1145 1438 1153 1447 .
1175 1410 1207 1445 D
1231 1438 1239 1445 .
1255 1410 1566 1456 QUINQUXENS

225 1456 340 1493 ITER
367 1482 376 1492 .
403 1455 567 1502 QUlNQ
600 1480 610 1492 .
639 1455 755 1491 TRIB
787 1484 795 1491 .
827 1459 916 1492 ΜΠ,
947 1485 955 1493 .
986 1461 1047 1494 ΑΡ
1074 1485 1083 1496 .
1109 1460 1317 1499 FLAMINI
1349 1489 1358 1499 .
1387 1462 1492 1498 AUG
1528 1489 1536 1497 .

688 1507 820 1591 PATiss
848 1534 854 1541 .
884 1508 1048 1594 (JJDOLON
1079 1536 1087 1544 .

299 1667 345 1708 In
377 1664 450 1710 hac
484 1663 584 1712 urbe
621 1667 699 1709 fuit
733 1667 1096 1726 Amphitheatrum
1135 1674 1255 1716 etiam
1290 1686 1422 1734 nuper
1458 1692 1529 1719 eru.
1555 1683 1780 1718 Amphsthffl‘ru't

187 1724 386 1769 demtum.
425 1727 596 1768 Tacitus
630 1725 820 1768 meminit
855 1729 1007 1770 Annal.
1048 1730 1116 1774 lib.
1156 1733 1277 1774 X1V.
1315 1750 1351 1777 e.
1398 1749 1446 1787 17
1466 1751 1559 1777 nat·—

188 1799 306 1836 rans,
340 1798 526 1840 magnam
561 1785 714 1824 factam
750 1798 831 1824 esse
863 1787 1018 1828 cladem
1051 1789 1321 1845 Pompeianos
1364 1794 1497 1845 inter,
1525 1803 1563 1835 et

189 1842 416 1884 Nucerinos
454 1839 605 1884 ibidem
623 1871 635 1893 ,
676 1840 777 1882 dum
807 1841 931 1884 ludus
965 1844 1186 1899 edebatur3
1216 1850 1302 1890 Sub
1323 1850 1437 1891 idem
1456 1861 1560 1893 tem—

185 1916 272 1955 pus
307 1904 396 1943 levi
439 1900 708 1943 contentione
744 1908 878 1941 atrox
915 1904 1078 1945 caedes
1113 1909 1338 1950 ortainter
1371 1908 1559 1952 Nuceri-

189 1973 271 2000 nos
290 1991 304 2011 ,
346 1958 728 2015 Pompeianosque
765 1957 1017 2015 gladiatorio
1032 1967 1297 2018 spectaculo,
1319 1971 1431 2025 quod
1459 1970 1558 2010 Livi·

186 2018 306 2059 neius
324 2018 528 2076 Regulus,
547 2031 676 2075 quem
694 2025 852 2057 motum
870 2031 1023 2062 senatu
1042 2024 1183 2075 retuli,
1205 2025 1372 2068 edebat:
1394 2032 1555 2085 quippe

187 2077 376 2129 opidana
406 2076 592 2125 lascivia
611 2074 802 2116 invicem
825 2074 1093 2121 incessantes
1106 2085 1293 2136 probra,
1313 2084 1465 2127 deinde
1482 2102 1549 2127 sa-

189 2139 263 2175 xis
279 2166 290 2185 ,
307 2146 522 2188 postremo
553 2137 731 2189 ferrum
752 2146 996 2190 sumpsere,
1017 2140 1232 2182 validiore
1264 2143 1553 2199 Pompeiano-

188 2206 284 2233 rum
297 2195 438 2249 plebe,
455 2194 573 2249 apud
588 2191 707 2250 quod
726 2198 1020 2246 spectaculum
1041 2200 1387 2259 edebatur.Ergo
1406 2217 1556 2258 repor-

187 2252 265 2293 tati
296 2262 394 2294 sunt
423 2259 467 2296 in
502 2252 651 2295 urbem
689 2250 812 2291 multi
844 2268 868 2296 e
902 2255 1142 2302 Nucerinis
1181 2268 1332 2303 trunco
1348 2276 1432 2316 per
1464 2264 1555 2304 vul-
