1920 2579
178 172 382 218 incoluere
402 205 414 228 ‚
447 173 677 216 Sinuessam
718 184 986 227 nuncupasse.
1017 168 1131 211 Idem
1150 168 1218 211 lib.
1256 166 1329 210 IX.
1353 183 1389 209 c.
1429 173 1475 211 16
1498 133 1558 210 ats—

178 235 306 285 serit,
343 235 447 275 hanc
483 230 582 272 olim
616 230 668 272 ad
700 232 889 274 Ausones
922 228 1176 283 pertinuisse.
1211 227 1440 269 Abundat-e
1479 243 1559 268 ser·

178 293 367 348 pentibus
391 290 560 333 eandem
595 288 799 343 colligitur
839 303 884 329 ex
919 287 1072 329 Ovidio
1108 289 1270 328 Metam.
1297 285 1365 326 lib.
1399 284 1495 326 XV.
1521 295 1558 326 et

179 350 402 392 hodiedum
435 351 547 390 locus
580 348 679 398 hic,
720 347 787 389 nbi
825 346 947 387 etiam
980 357 1040 386 est
1080 346 1198 400 Regia
1234 344 1407 396 venatio,
1433 359 1556 403 quam

180 410 352 450 maxime
387 405 669 464 serpentibus,
704 406 933 462 viperisque
965 403 1160 445 abundat.

297 466 448 508 Plinius
489 465 594 506 Hist.
630 464 723 505 Nat.
755 463 824 506 lib.
858 463 910 506 II.
945 478 980 507 o.
1028 465 1103 506 103
1138 461 1280 503 laudat
1312 460 1433 502 huius
1449 459 1561 503 urbis

179 540 334 583 aquas,
370 539 473 581 quae
508 523 784 564 foeminarum
815 521 1053 564 auferebant
1073 522 1328 563 sterilitatem
1355 551 1366 570 ‚
1398 529 1437 561 et
1455 520 1562 562 viro-

180 599 273 628 rum
290 582 501 628 insaniam.
528 581 696 622 Tacitus
717 581 864 622 Annal.
888 580 961 623 lib.
984 582 1077 623 ΧΠ.
1099 595 1131 621 c.
1154 581 1208 622 66
1233 578 1285 620 de
1304 579 1563 620 Sinuessanis

179 643 293 700 aquis
325 643 378 683 ita
411 639 581 697 prodit:
617 640 674 682 In
712 648 833 681 tanta
874 654 1081 681 curarum
1124 639 1236 679 mole
1256 637 1461 682 Claudias
1483 637 1561 678 acl-

179 715 312 743 versa
343 698 595 741 valetudine
615 699 868 755 corripitur,
902 697 1245 756 refovendisque
1262 697 1427 739 viribus
1445 697 1562 738 coeli

183 758 360 801 mollitie
379 788 390 809 ,
421 766 461 797 et
492 771 700 813 aquarum
739 755 992 797 salubritate
1025 757 1280 798 Sinuessam
1309 755 1464 809 pergit.
1501 757 1562 794 De

180 815 323 858 iisdem
359 815 474 871 aquis
492 828 720 855 sermonem
743 814 918 854 instituit
950 814 1077 854 etiam
1098 812 1244 853 Strabo
1278 811 1346 852 lib.
1382 812 1434 852 V.
1459 811 1563 853 Geo-

179 890 237 928 gr,
271 873 460 915 Cluerius
492 871 598 912 hanc
632 872 774 913 urbem
812 873 868 912 ita
895 871 1127 918 describit3
1163 870 1244 911 Tol
1279 868 1423 910 stadia
1458 884 1560 911 con-

165 930 330 986 fibiunt
367 930 506 969 millia
539 929 704 969 decem.
742 928 1066 968 Minturnaram
1095 928 1243 966 locum
1277 928 1332 967 ab
1367 925 1561 969 Formiis

174 1001 334 1029 novem
367 987 506 1027 millia
545 986 698 1026 abesse
730 999 866 1040 supra
901 984 1141 1026 indicatum
1174 992 1273 1035 επις
1307 986 1560 1026 tantundem

174 1045 426 1094 inter-valli,
458 1044 499 1085 si
535 1058 667 1097 porro
701 1043 744 1085 r’n
783 1044 909 1085 litore
930 1041 1234 1099 progrediaris
1257 1071 1271 1090 ,
1306 1040 1474 1084 incides
1513 1045 1557 1084 ιἰι

179 1103 368 1161 ingentia
398 1105 559 1144 veteris
592 1102 710 1144 urbis
744 1102 921 1159 vestigia
942 1133 955 1153 ,
981 1109 1224 1157 portasque
1256 1100 1411 1140 ruinas
1455 1101 1562 1143 sitas

175 1165 252 1205 sub
292 1162 472 1203 castello
496 1192 509 1211 ,
547 1161 620 1203 oui
647 1161 845 1219 vulgaris
875 1159 1144 1218 appellatio:
1178 1158 1327 1200 Rocca
1360 1159 1408 1200 di
1432 1159 1564 1200 BIon-

181 1220 433 1277 te-dragone
449 1252 464 1272 ,
501 1234 528 1260 a
559 1229 706 1261 monte
751 1219 944 1275 quaesita
965 1250 981 1271 ,
1035 1219 1079 1259 in
1110 1217 1233 1259 cuius
1268 1226 1468 1259 extremo
1506 1220 1567 1261 acl

179 1279 262 1320 duo
295 1278 430 1320 millia
462 1292 674 1333 passuum
703 1293 732 1320 a
759 1278 886 1320 dictis
919 1277 1056 1326 ruinis
1094 1276 1142 1318 id
1180 1275 1419 1319 conditum.
1454 1280 1564 1320 Mar-

180 1336 285 1380 tialie
314 1335 385 1378 lib.
410 1336 486 1379 VI.
521 1337 659 1394 Epigr.
682 1344 737 1390 42
754 1337 1018 1380 Sinuessanos
1042 1333 1181 1377 laudat
1213 1334 1368 1388 fontes,
1402 1344 1441 1376 et
1462 1336 1563 1378 San-

178 1396 364 1437 nazarius
395 1396 546 1453 Ecloga
577 1395 629 1438 Π.
670 1411 712 1439 ν.
745 1395 800 1439 86
831 1395 954 1437 huius
985 1395 1107 1438 maris
1129 1403 1333 1436 memorat
1348 1394 1561 1436 rhombos.

182 1453 308 1496 Adest
338 1453 504 1511 Capuae
537 1469 720 1498 marmor
747 1470 768 1495 a
803 1454 982 1511 Capacio
1021 1454 1127 1496 Hist.
1163 1455 1293 1508 Neap.
1329 1450 1400 1493 lib.
1440 1451 1490 1493 ΙΙ.
1523 1467 1558 1494 ε,

184 1527 232 1566 19
268 1513 437 1556 allatum
464 1544 476 1566 ,
513 1527 563 1555 ex
599 1527 684 1571 quo
716 1512 981 1555 Sinuessanos
1001 1511 1198 1555 Matidiae
1218 1510 1397 1566 Augusti
1418 1526 1559 1569 paren-

178 1572 209 1613 ti
239 1571 421 1629 posuisse
450 1581 622 1615 constat.

292 1631 459 1672 Falsum
493 1645 588 1673 vero
619 1640 679 1673 est
696 1630 798 1673 illud
821 1663 832 1684 ‚
863 1629 978 1690 quod
997 1629 1168 1687 quidam
1190 1628 1379 1680 tradunt,
1399 1629 1557 1671 Sinues-
1597 1630 1744 1658 Pdfifflw

181 1690 266 1730 sam
297 1689 361 1731 vel
390 1688 530 1731 locum
561 1688 632 1730 ubi
663 1690 742 1731 hoc
773 1688 948 1748 opidum
980 1688 1058 1731 fuit
1077 1721 1089 1744 ,
1129 1691 1230 1733 olim
1262 1687 1341 1729 hoc
1390 1689 1559 1730 nomine

181 1746 430 1802 appellatum
455 1777 467 1796 ‚
498 1757 537 1787 et
571 1746 798 1789 hodiedum
830 1749 1125 1805 Mona-agone
1145 1780 1158 1799 ‚
1190 1748 1318 1788 fuisse
1347 1745 1559 1801 quondam

184 1803 397 1844 Petrinum
418 1814 702 1860 nuncupatum
725 1836 740 1856 ,
778 1819 873 1848 curn
893 1805 995 1845 nihil
1026 1804 1136 1847 aliud
1168 1807 1241 1854 sit,
1277 1817 1403 1859 quam
1421 1818 1560 1855 mons,

182 1871 222 1902 et
262 1875 466 1919 cagnpus,
510 1861 715 1918 hodieque
750 1861 865 1904 Iocus
908 1862 975 1902 hic
1019 1862 1071 1903 ab
1114 1861 1313 1918 indigenis
1359 1860 1560 1904 salutatur

190 1918 323 1960 Terre
354 1919 602 1978 de'bagni,
634 1930 674 1961 et
707 1919 807 1962 olim
830 1920 1057 1963 Petrinum.
1092 1920 1155 1962 Ex
1174 1930 1288 1978 parte
1320 1933 1414 1961 vero
1433 1921 1561 1963 orien-

185 1978 255 2018 tali
293 1977 444 2020 montis
462 2009 475 2029 ,
508 1979 579 2035 qui
615 1978 883 2036 Campaniam
904 1978 1068 2036 respicit
1086 2011 1097 2033 7
1131 1977 1339 2036 sulphuris
1359 1993 1458 2020 vena
1480 1990 1554 2032 est,

188 2035 302 2078 cuius
332 2037 521 2081 meminit
553 2046 648 2079 ante
674 2037 864 2082 laudatus
896 2038 1159 2080 Saunazarius
1193 2038 1303 2094 Eleg.
1337 2036 1404 2079 lib.
1436 2041 1468 2079 Ι.

303 2095 535 2137 Sinuessam
571 2096 677 2138 inter
697 2128 712 2150 ,
750 2106 789 2137 et
826 2096 1064 2139 Minturnas
1083 2098 1197 2139 locus
1228 2097 1439 2154 quondam
1462 2098 1559 2139 exti-

186 2152 235 2194 tit
268 2152 490 2206 Trifanum
521 2152 685 2209 dictus,
734 2172 753 2197 a
784 2155 913 2197 tribus
946 2155 1114 2199 sortasse
1146 2156 1249 2198 fanis
1296 2154 1522 2212 appellatus
1545 2188 1555 2208 ,

184 2219 258 2254 aut
288 2226 309 2252 a
336 2213 464 2255 trium
494 2212 668 2255 deorum
699 2214 826 2269 fano,
854 2215 896 2256 in
928 2218 1220 2258 Auruncorum
1241 2216 1420 2270 regione,
1453 2231 1557 2271 quae

186 2270 359 2313 Volscos
389 2272 495 2323 inter
514 2304 527 2331 ‚
561 2281 600 2315 et
632 2273 866 2332 Campanos
888 2275 987 2318 olim
1004 2274 1149 2319 media.
1182 2275 1307 2365 {iuno
1340 2285 1476 2319 autem
1499 2275 1557 2318 lo.-

1596 2133 1628 2159 Tz
1640 2133 1734 2163 {smmi
