1920 2579
1404 119 1482 167 143

105 199 171 226 sus
204 182 310 223 iuxta
347 181 450 222 viam
477 211 488 231 ,
522 192 626 237 quae
658 175 710 218 ad
743 175 971 219 Lucrinum
992 207 1005 229 ,
1037 186 1078 219 et
1109 175 1321 218 Avernum
1354 172 1489 214 lacum

110 241 232 283 ducit.
528 261 531 262 ν
706 248 708 250 ’
982 266 985 267 ⁷

233 296 357 340 Aliud
392 296 640 354 epitaphium
677 292 840 336 tandem
885 305 942 337 est
973 294 1107 347 illud,
1142 290 1255 350 quod
1305 289 1490 345 adsurgit

106 374 224 415 supra
257 356 436 397 Tritulae
467 353 714 405 sudatoria,
756 367 861 410 quae
914 353 1032 410 vulgo
1071 350 1250 396 Neronis
1285 350 1489 392 Thermae

105 418 289 458 audiunt.
333 413 490 469 Optimi
526 412 724 468 Principis
757 411 866 453 Petri
899 412 1071 454 Antonii
1110 409 1301 465 Aragonii
1353 409 1490 466 provi-

107 475 242 516 dentia
277 487 322 514 eo
351 470 547 521 devenit,
582 482 626 512 ut
659 480 845 511 montem
880 470 1166 512 effodiendum
1201 468 1374 520 curarit,
1406 481 1490 523 quo

107 535 165 573 via
213 530 468 574 commodior
514 529 564 570 ad
600 529 767 570 Baianas
807 528 993 571 visendas
1025 528 1315 585 antiquitates,
1364 537 1403 567 et
1439 523 1491 565 ad

107 605 306 648 aquarum
340 588 625 629 Thermalium
658 584 776 628 usum
812 587 1005 629 viatorem
1041 586 1224 628 duceret.
1249 583 1391 640 anue
1411 583 1490 625 fuit

108 647 303 706 appellata
340 646 400 686 via
433 647 633 701 Aragonia
672 645 722 687 ab
751 644 892 687 eodem
926 647 1083 703 optimo
1115 647 1290 696 Prorege
1322 652 1457 698 aperta
1479 673 1491 691 ,

106 723 208 765 quae
241 705 374 746 adhuc
407 715 512 745 extat
544 720 636 746 cum
670 705 876 761 epitaphio
910 705 1109 755 ruinoso,
1164 703 1205 742 in
1255 715 1339 756 quo
1392 700 1493 757 lapis

105 766 265 819 legitur.
299 763 485 803 Tandem
515 762 724 804 sciendum
781 773 873 814 est,
921 763 1060 819 quoad
1107 763 1253 802 harum
1293 759 1493 800 Therma-

108 839 197 864 rum
235 822 405 875 pertiuet
436 821 767 872 ad·historiam‚
803 821 968 862 Bartolo
1010 821 1244 862 iniunctum
1279 816 1399 862 fuisse
1440 816 1492 858 ab

108 883 195 937 ipso
231 883 433 933 Prorege,
470 878 610 934 quoad.
646 880 808 921 illarum
872 880 1209 921 restaurationem
1244 875 1439 917 attinebat
1478 906 1492 926 ‚

111 950 157 979 ut
190 938 327 995 prodit
363 936 469 977 idern
508 937 576 979 lib.
612 938 687 981 IV.
718 951 753 977 e.
788 938 826 979 5.

227 996 293 1038 Ad
330 996 545 1053 physicum
575 1011 685 1038 nunc
743 1005 893 1037 statum
944 995 1169 1038 redeamus.
1203 993 1494 1036 subterraneo-

107 1071 198 1096 rum
231 1055 383 1108 ignium
423 1053 681 1111 frequentia,
720 1052 854 1109 plures
886 1054 1079 1108 ignivomi
1119 1062 1308 1101 montes,
1341 1051 1490 1107 quibus

107 1115 351 1154 Puteolanus
383 1123 509 1152 scatet
546 1128 665 1166 ager,
705 1122 744 1151 et
773 1111 920 1153 assidui
954 1123 1092 1153 motus
1127 1121 1256 1151 terrae
1278 1119 1487 1150 tantarum

109 1187 308 1227 aquarum
354 1171 493 1226 procul
528 1169 655 1210 dubio
700 1182 819 1210 causa
850 1170 1029 1212 fuerunt.
1073 1168 1253 1225 Physicis
1283 1167 1325 1208 in
1357 1167 1489 1208 Natu·—

110 1246 175 1270 rae
210 1244 332 1283 regno
372 1227 561 1284 perplura
599 1226 891 1270 consideranda
941 1227 1175 1269 offeruntur
1200 1259 1213 1277 ,
1264 1237 1302 1268 et
1348 1224 1489 1281 quoad

107 1288 341 1328 differentes
379 1286 597 1327 herbarum
619 1318 634 1338 ,
671 1297 710 1328 et
742 1286 926 1342 lapidum
950 1317 963 1336 ,
1014 1296 1054 1326 et
1080 1285 1319 1342 reptilium,
1355 1295 1395 1324 et
1426 1283 1487 1322 in-

109 1357 311 1386 sectorum
342 1344 482 1385 attinet
516 1346 693 1401 speeies,
726 1360 829 1400 quae
861 1346 949 1386 heic
986 1354 1244 1386 enascuntur.
1270 1346 1332 1385 En
1366 1342 1488 1397 igitur

111 1405 410 1443 vulcanicarum
451 1402 712 1443 materiarum
745 1403 912 1443 effectus
935 1434 950 1452 ,
1002 1403 1071 1458 qui
1104 1402 1193 1441 heic
1227 1411 1490 1456 generantur,

110 1461 174 1503 Ex
210 1460 282 1502 alia
319 1470 430 1514 parte
463 1471 728 1501 terraemotus
752 1459 940 1502 locorum
978 1459 1121 1500 faciem
1159 1460 1321 1514 penitus
1353 1459 1485 1498 inver-

112 1530 264 1560 terunt.
296 1519 404 1559 Hinc
437 1517 685 1574 quibusdam
717 1519 756 1558 in
790 1518 886 1558 locis
918 1533 1030 1559 mare
1063 1517 1141 1558 fuit
1175 1518 1373 1557 elevatum
1396 1548 1410 1566 ,
1447 1515 1487 1555 in

111 1577 195 1618 aliis
225 1577 492 1633 depressum:
531 1577 643 1632 plura
679 1575 960 1617 aedificiorum
994 1575 1142 1617 rudera
1173 1575 1249 1615 sub
1287 1574 1405 1615 undis
1423 1573 1492 1613 ad·

115 1645 348 1690 spectantur
370 1666 382 1684 ‚
418 1650 573 1676 necnon
606 1645 646 1674 et
682 1635 768 1676 viae
789 1666 801 1683 ,
833 1645 871 1675 et
903 1634 1054 1690 templa
1079 1665 1089 1684 ,
1122 1634 1278 1687 aliaque
1298 1633 1404 1673 hisce
1436 1632 1487 1671 si-

113 1694 232 1735 milia.
265 1693 471 1734 Montium
505 1702 634 1749 partes
667 1692 825 1737 avulsae
857 1707 966 1733 nune
1000 1691 1147 1733 insulas
1169 1691 1365 1733 efficiunt.
1385 1690 1490 1743 Quis

112 1763 226 1807 neget
266 1751 456 1791 Nesidem
492 1752 664 1792 insulam
697 1751 793 1793 olim
827 1761 956 1792 terrae
987 1751 1142 1791 unitam
1177 1749 1337 1791 fuisse!
1370 1752 1488 1791 Mon·

125 1821 180 1851 tes
215 1809 416 1865 extemplo
450 1810 752 1861 efformantur‚
786 1809 908 1865 idque
942 1823 990 1850 ex
1023 1810 1176 1864 ignium
1213 1807 1491 1848 subterraneo·

116 1884 208 1910 rum
241 1882 370 1907 causa.
407 1867 639 1918 Lucrinus,
670 1878 708 1908 et
748 1869 933 1908 Avernus
969 1866 1078 1907 lacus
1131 1865 1181 1906 ad
1232 1865 1487 1906 medietatem

114 1927 276 1967 redacti.
312 1926 575 1982 Sulphuraria
611 1922 699 1982 ipsa
739 1940 841 1982 quae
874 1925 1006 1965 adhuc
1057 1925 1166 1979 ignes
1206 1924 1417 1973 eontinet,
1451 1931 1490 1962 et

115 1984 336 2039 Leucogaei
384 1985 467 2041 ‘ipsi
512 1984 731 2025 albicantes
780 1984 872 2025 satis
919 1982 1100 2024 indicant
1129 2012 1145 2033 ,
1200 1991 1331 2023 totum
1377 1982 1489 2022 huno

120 2043 385 2084 Puteolanum
455 2059 597 2099 agrum
660 2043 876 2098 ignitarum
938 2042 1202 2084 materiarum
1261 2050 1489 2097 receptacu-

115 2099 201 2141 lum
226 2102 358 2142 fuisse.

235 2163 290 2201 At
332 2175 485 2202 numne
518 2160 727 2216 persimilis
773 2159 849 2200 fuit
883 2159 1164 2201 Romanorum
1200 2158 1359 2211 vigente
1407 2155 1490 2198 for-

120 2227 214 2256 tuna
250 2233 341 2271 ager
374 2219 476 2260 iste?
509 2229 596 2261 toto
638 2234 766 2276 prope
796 2216 909 2260 coelo
942 2233 964 2258 a
996 2216 1147 2259 recenti
1181 2216 1259 2256 fuit
1288 2215 1489 2263 diversus,

117 2290 189 2315 nee
220 2277 292 2331 ipsi
321 2292 364 2316 ea
395 2277 481 2318 loca
519 2277 774 2329 dilexissent,
794 2290 867 2317 nec
899 2286 959 2317 tot
990 2277 1188 2317 immensa
1220 2274 1370 2329 argenti
1394 2287 1490 2329 pon·

118 2333 211 2374 desa
248 2336 287 2375 in
326 2334 428 2376 villis
460 2335 716 2378 aedificandis
758 2336 1061 2392 insumpsissent
1088 2365 1099 2385 ‚
1135 2335 1207 2376 nisi
1242 2348 1329 2378 eam
1364 2333 1488 2387 regio-
