1920 2579
281 123 366 164 302

588 220 608 249 s

273 301 440 332 Salvatoris
463 302 562 331 insula
585 300 693 331 eadem
715 311 748 331 ac
780 304 849 334 Ma.

316 344 361 371 ior
875 346 930 377 155

269 384 414 415 Saraceni
442 384 596 415 Inarimen
623 391 743 414 vastant
791 387 843 416 103

310 436 373 465 quo
384 436 463 454 anno
487 426 518 454 in
531 426 653 456 Italiam
667 426 840 458 adveniunt
868 429 925 468 184

268 466 350 496 Saxa
373 467 485 496 famosa
886 483 925 513 29

267 507 422 548 Scipionis
445 509 647 549 sepulchrum
722 511 762 553 93
787 517 817 540 et
838 523 923 555 seqq.

264 549 374 590 Scipio
397 561 490 591 quam
514 553 554 582 ob
576 562 697 582 causam
721 556 752 583 in
776 563 841 582 exi-

309 589 383 620 lium
407 593 509 631 pulsus
887 599 927 639 93

267 632 381 663 Schola
403 635 541 665 Militum
710 647 750 679 79
783 643 813 667 et
836 648 888 680 seq
917 661 923 667 .

267 674 401 704 Schrobs
424 677 584 707 Charonea
887 651 926 719 2⁰

265 716 839 757 SemproniusCracchusHannibalem,

310 765 339 787 et
363 761 533 800 Campanos
548 761 711 792 frustratur
881 762 925 793 86

264 798 395 830 Senator
420 802 449 830 in
474 804 703 843 amphitheatro
728 803 840 833 Puteo-

308 841 378 870 lano
403 844 483 873 male
508 852 652 884 exceptus
887 849 925 878 23

267 881 394 913 Senaria
417 886 519 915 insula
542 886 650 918 eadem
673 897 707 916 ac.
730 887 845 930 Capra-

306 926 362 962 ria,
388 927 436 955 vel
461 927 596 968 Capreae

265 967 383 997 Seneca
407 967 703 1011 describitcryptam
726 971 845 1001 Puteo-

309 1009 410 1038 lanam
867 1014 929 1044 218

273 1050 485 1091 Sepulchrum
511 1053 700 1095 Agrippinae
723 1054 763 1094 69
785 1061 816 1083 et
838 1064 925 1097 seqq.

274 1093 477 1133 Sepulchreta
501 1105 590 1134 super
613 1097 696 1126 viam
717 1097 846 1135 Campa—

308 1144 379 1163 nam
726 1146 766 1175 29
789 1143 820 1164 et
842 1147 928 1178 seqq.

270 1174 428 1215 Serapidis
452 1176 603 1216 templum
631 1188 662 1207 11
697 1183 728 1205 et
761 1187 843 1217 seqq.

307 1217 443 1253 eiusdem
467 1218 634 1258 descriptio
668 1216 745 1247 ibid.
782 1229 844 1259 quo

306 1269 387 1286 anno
412 1257 555 1287 effossum
849 1260 925 1290 ibid.

264 1300 388 1339 Sergius
413 1299 509 1328 Orata
885 1301 925 1338 43

263 1341 296 1371 5.
322 1341 460 1371 Severini
484 1342 632 1382 Episcopi
647 1341 752 1371 Norici
772 1351 841 1372 cor-

308 1393 364 1422 pus
387 1384 416 1410 in
441 1390 538 1412 castro
573 1383 745 1413 Lucullano
790 1389 841 1411 tu-

305 1424 466 1452 mulatum
706 1423 759 1465 147
786 1432 816 1455 et
839 1436 922 1467 seqq.

263 1465 557 1506 SibyllacCumaeae
571 1473 692 1499 antrum
710 1465 751 1506 49
767 1468 844 1495 eius-

303 1507 372 1536 dem
382 1515 506 1548 ctymon
519 1509 582 1538 ibid
595 1507 730 1549 Sibyllae
739 1507 846 1538 decem

304 1550 341 1579 50
358 1548 496 1590 Sibyllae
513 1551 626 1578 cineres
643 1560 658 1578 a
675 1550 706 1579 S.
728 1550 843 1578 Iustino

302 1594 447 1632 Martyre
470 1591 615 1633 descripti
641 1591 675 1620 51
704 1591 842 1632 Sibyllae

303 1635 403 1664 cultus
427 1633 467 1662 ad
491 1635 530 1663 V.
556 1644 654 1674 usque
678 1633 839 1663 saeculum

303 1684 409 1706 extans
422 1676 456 1705 51
476 1677 618 1717 Sibyllae
629 1674 828 1714 sepulchrum
846 1675 920 1705 ibid.

263 1718 408 1749 Sicardus
431 1718 494 1746 dux
511 1719 748 1747 Beneventanus
766 1727 836 1746 cum

873 929 928 961 113

303 1759 510 1799 Neapolitanis
535 1759 651 1788 bellum
677 1758 756 1797 gerit
865 1758 919 1799 187

267 1803 338 1833 Sico
361 1801 423 1829 dux
446 1801 689 1830 Beneventanus
854 1802 920 1842 «187

264 1844 352 1874 Silva
377 1841 547 1871 Gallinaria
910 1855 918 1872 1

264 1884 438 1915 Siniculfus
462 1885 608 1924 princeps
628 1883 838 1913 Salernitanus
867 1878 924 1914 188

264 1926 521 1969 Spectaculorum
533 1928 617 1965 origo
628 1924 690 1962 244
713 1925 840 1965 quinam

307 1967 551 2010 spectaculorum
580 1968 757 1995 inventores
864 1966 924 2004 245

263 2009 447 2051 Spectacula
470 2018 637 2049 quamnam
659 2008 697 2037 ob
720 2017 841 2038 causam

306 2054 442 2082 instituta
863 2048 923 2088 ’145

261 2092 447 2135 Spectacula
470 2094 604 2132 primum
627 2091 708 2123 edita
727 2092 758 2121 in
772 2090 838 2120 soro

303 2137 415 2165 Boario
859 2131 922 2170 246

261 2176 441 2218 Spectacula
485 2175 747 2215 impudicitiarum
784 2184 837 2203 ex-

303 2217 441 2255 cessus4
486 2217 669 2247 Sanctorum
701 2216 831 2245 Pau-um

306 2269 411 2290 contra
433 2258 607 2297 spectacula
644 2259 833 2298 obiurgatio-

302 2303 424 2334 nes²53
451 2301 674 2341 imperatorum
694 2309 776 2330 amor
800 2298 836 2329 ad

1037 182 1212 223 spectacula
1228 182 1289 213 256
1308 185 1436 216 maxim-a
1448 193 1564 227 specta-

1038 231 1138 253 torum
1165 223 1336 265 frequentia
1362 234 1391 256 et
1424 227 1504 267 leges
1529 229 1565 259 ab

1034 266 1171 303 Augusto
1195 265 1268 294 latae
1293 267 1328 296 nd
1353 268 1429 298 banc
1453 279 1517 298 rem

992 305 1123 335 Stilicho
1162 306 1308 336 Barbaros
1354 309 1435 347 apud
1477 320 1563 338 mon-

1035 354 1075 377 tes
1098 347 1265 377 Fesulanos
1300 349 1337 378 ad
1382 351 1566 380 internecio-

1586 269 1647 300 258

1033 399 1102 418 nem
1125 389 1238 427 redigit
1423 403 1477 433 172
1502 399 1533 421 et
1558 402 1647 433 seqq.

989 428 1167 460 Suessulana
1178 432 1228 459 via
1238 432 1433 462 232eiusdem
1444 444 1550 463 cursus
1567 435 1643 465 ibid.

987 471 1190 511 Sulphuraria
1211 473 1316 506 eadem
1343 483 1378 503 ac
1423 476 1557 504 Vulcani

1027 513 1145 542 Forum
1439 518 1477 547 33
1501 524 1531 546 et
1555 526 1644 558 seqq.

987 553 1076 594 Sylla
1102 555 1228 583 thermis
1252 555 1371 587 Baianis
1394 559 1492 587 utitur
1603 558 1643 588 32

987 596 1175 636 Syracusani
1201 598 1354 628 Inarimen
1370 600 1556 643 perveniunt

1029 638 1085 667 sub
1107 637 1184 666 duce
1207 638 1342 669 Hierone
1584 649 1645 674 102

985 803 1152 833 Tabellarii
1174 804 1329 844 quomodo
1352 804 1530 834 incederent
1582 804 1643 834 238

987 845 1180 884 Tangredius
1203 847 1270 875 Rex
1308 847 1556 876 Normannorum'
1584 857 1640 888 190

988 887 1148 916 Tarentini
1164 887 1323 927 Pyrrhum
1332 888 1446 928 Regem
1458 889 1487 916 in
1504 888 1565 916 Ita-

1031 928 1105 958 liam
1128 936 1240 958 vocant
1411 929 1466 969 169
1496 935 1528 959 et
1552 939 1641 969 seqq.

987 969 1176 1010 Tarquinius
1200 971 1355 1010 Superbus
1381 972 1478 1001 Roma
1502 973 1565 1000 eie·

1031 1019 1096 1040 ctus
1120 1013 1221 1042 Cumis
1249 1013 1344 1041 vitam
1367 1015 1430 1052 agit
1455 1013 1564 1053 priva-

1031 1059 1092 1082 tam
1601 1053 1640 1082 85

988 1094 1186 1124 Taurubulae
1211 1094 1335 1124 sortasse
1358 1095 1481 1126 eaedem
1527 1105 1562 1123 ac

1031 1135 1138 1175 AEqtta
1588 1135 1643 1165 115

990 1176 1077 1204 Teias
1099 1177 1272 1206 Gothorum
1296 1179 1363 1207 Rex
1387 1177 1467 1217 apud
1500 1178 1559 1206 La-

1031 1217 1162 1246 ctarium
1209 1225 1344 1250 montem
1389 1219 1420 1248 in
1444 1217 1559 1258 praelio

1035 1257 1188 1287 occiditur
1593 1257 1649 1297 178

987 1298 1155 1328 Theatrum
1178 1300 1383 1329 Puteolanum
1443 1298 1483 1336 24
1505 1305 1535 1328 et
1557 1308 1646 1340 seqq.

987 1339 1123 1368 Theatra
1148 1340 1230 1380 apud
1254 1343 1399 1381 antiquos
1424 1340 1562 1369 adhibita

987 1379 1025 1408 ad
1050 1380 1153 1420 plures
1176 1392 1246 1410 usus
1600 1380 1639 1409 25

989 1421 1167 1452 Theodatus
1190 1423 1258 1453 Rex
1283 1422 1389 1452 Italiae
1410 1420 1467 1461 176
1484 1422 1562 1450 eius-

1032 1462 1100 1492 dem
1127 1463 1281 1493 character
1313 1463 1388 1493 ibid.
1436 1462 1564 1493 Amala-

1032 1505 1172 1534 suntham
1196 1506 1311 1536 occidit
1571 1502 1648 1533 ibid.

990 1545 1200 1578 Theodericus
1222 1555 1288 1586 post
1310 1547 1501 1577 odovacrem
1518 1555 1566 1574 re-

1027 1594 1099 1628 gnat
1126 1589 1181 1629 175
1205 1599 1264 1629 quo
1289 1591 1318 1618 in
1343 1589 1410 1619 loco
1434 1588 1562 1618 Odova-

1027 1639 1107 1659 crem
1133 1631 1229 1659 vincit
1254 1631 1330 1659 ibid.
1368 1636 1466 1659 mutat
1501 1630 1562 1659 Ita-

1027 1671 1085 1701 liae
1107 1671 1215 1701 faciem
1232 1672 1306 1702 ibid.
1326 1683 1388 1713 quo
1399 1681 1479 1700 anno
1492 1681 1557 1701 mo-

1026 1721 1103 1742 ritur

984 1755 1216 1785 'theodobertus

1565 1711 1643 1740 ibid.

1251 1756 1320 1786 Rex
1362 1756 1555 1784 Francorum

1027 1796 1148 1830 Italiam
1173 1798 1291 1827 invadit
1585 1804 1613 1833 17
1629 1805 1644 1833 7

985 1838 1199 1868 Theodelinda
1214 1838 1485 1879 Langobardorum
1501 1838 1562 1866 Pte-

1029 1881 1100 1919 gina
1589 1875 1642 1905 182

985 1922 1141 1951 Thermae
1163 1921 1202 1951 S.
1229 1922 1377 1951 Germani
1589 1917 1639 1954 141

986 1963 1137 1992 Thermae
1162 1963 1293 1992 Baianae
1605 1960 1641 1989 61

986 2004 1136 2035 Thermae
1160 2005 1348 2035 Puteolauae
1608 1999 1647 2029 38

985 2047 1127 2076 Tiberius
1170 2047 1302 2076 moritur
1335 2046 1364 2072 in
1400 2043 1475 2073 villa
1500 2042 1562 2071 Lu-

1026 2088 1098 2117 culli
1129 2090 1182 2130 157
1205 2090 1338 2129 Capreas
1356 2084 1555 2124 eligitsedem

1027 2129 1315 2171 impudicitiai·nm›'
1330 2129 1370 2157 ib.
1401 2125 1472 2155 XII.
1498 2124 1556 2154 vil-

1025 2171 1064 2200 las
1089 2171 1231 2200 aedificat
1425 2166 1483 2195 116
1504 2173 1532 2194 et
1554 2173 1639 2209 seqq·

982 2214 1163 2243 Timotheus
1181 2212 1363 2252 Campaniae
1380 2206 1552 2241 Consularis
1576 2206 1635 2233 223»

981 2255 1139 2294 Tiphoeus
1161 2256 1241 2296 gigas
1268 2254 1323 2284 108
1354 2249 1489 2285 eiusdem
1507 2250 1563 2294 ia-·
1593 2289 1597 2294 .

1020 2295 1092 2327 bula
1558 2287 1634 2318 ibid.
