1920 2579
1524 145 1574 188 13

192 216 294 259 dum
327 229 485 271 possem
517 212 607 253 heic
639 221 678 251 et
710 207 885 250 aliorum
918 205 1122 264 Serapidis
1154 205 1412 263 templorum
1445 201 1575 252 alibi,

194 287 232 316 et
267 274 476 331 praecipue
509 270 619 326 apud
650 269 869 322 Canopum
918 268 957 306 in
1009 269 1230 324 AEgypto,
1283 275 1322 305 et
1368 262 1575 318 Esculapii

195 334 302 389 apud
337 333 580 385 Pergamum
611 337 862 369 structuram
893 325 1070 378 afferre,
1104 340 1208 380 quae
1241 323 1425 380 profecto
1472 322 1576 362 eius-

192 392 284 432 dem
319 401 402 431 erat
438 390 590 430 formae
617 419 628 440 ‚
659 401 803 442 nempe
836 400 933 426 cum
965 385 1133 426 cameris
1182 383 1341 424 circum
1393 380 1543 421 arrium
1565 410 1577 429 ,

196 450 263 490 nbi
297 448 401 503 aegri
433 446 795 499 commorabantur
816 476 830 496 ,
869 453 915 486 ut
948 444 1054 485 salus
1086 442 1161 483 illis
1183 452 1285 483 esset
1304 440 1487 482 restituta
1506 453 1582 496 pro

198 509 394 564 temporis
427 505 748 562 opportunitate.

317 567 424 607 Cum
460 579 554 605 vero
589 564 668 606 fuit
701 562 897 603 effossum
928 559 1203 602 Puteolanum
1252 557 1453 612 templum
1477 588 1488 609 ‚
1520 570 1584 597 re-

200 620 304 682 perti
341 626 450 665 fuere
484 622 655 679 quidam
686 620 840 677 lapides
874 620 951 660 hoc
983 617 1109 660 modo
1131 637 1142 658 .·
1175 617 1583 671 Dusarisczngrum..

201 685 305 725 Sunt
337 683 407 739 qui
442 691 593 739 putant
625 680 789 723 eosdem
823 677 1058 719 eruderatos
1093 677 1131 716 in
1165 677 1255 731 ipso
1304 675 1488 730 templo,
1541 687 1588 713 ex

201 742 353 799 quibus
386 753 494 781 certe
527 739 780 795 arguendum
815 746 948 787 esset,
980 737 1060 776 hoc
1092 734 1218 776 fuisse
1252 733 1437 787 Serapidi
1473 732 1587 772 dica-

203 811 306 841 tum.
337 800 402 841 Ad
437 798 551 855 quod
587 798 721 853 primo
752 794 976 836 dicendum
1011 794 1115 834 hanc
1137 792 1385 848 epigraphen
1408 805 1588 831 marmo—

201 872 244 899 re
277 859 474 913 sculptam
509 857 675 898 differre
707 854 877 896 abeliis
909 851 1184 895 marmoribus
1206 882 1221 901 ,
1259 857 1364 905 qu'ae
1398 850 1438 890 in
1477 850 1592 889 Sera-⁴

201 917 308 970 pidis
343 926 494 956 restant
526 914 712 970 templo;
764 928 808 954 ac
853 913 949 953 inde
992 909 1104 950 haud
1156 909 1207 950 ad
1241 909 1351 948 idem
1388 908 1592 963 pertinere

202 976 421 1030 templum.
454 972 621 1014 Adhaec
653 981 749 1011 sunt
783 971 854 1025 qui
887 969 1140 1010 arbitrantur
1161 999 1173 1019 ‚
1206 968 1313 1007 hanc
1346 967 1475 1022 ipsam
1511 965 1593 1005 alio

202 1031 293 1073 loco
329 1042 528 1087 repertam
550 1060 562 1080 ,
601 1029 670 1069 sed
704 1028 815 1069 haud
847 1028 987 1085 procul
1021 1043 1041 1068 a
1063 1026 1267 1081 descripto
1287 1026 1457 1081 templo.
1477 1023 1593 1077 Quid

203 1106 299 1145 ergo
331 1090 408 1129 hoc
444 1089 614 1129 Dusart'
641 1090 901 1145 sangrum?
952 1085 1094 1127 Plures
1136 1082 1347 1141 quondam
1400 1081 1594 1123 Puteolos

204 1150 316 1191 coelo
342 1180 354 1199 ,
386 1159 424 1188 et
457 1148 648 1209 religione
681 1149 765 1202 ipsa
800 1145 1082 1202 discrepantes
1114 1153 1253 1198 gentes
1287 1139 1525 1182 adventasse
1544 1140 1596 1181 ab

207 1205 540 1263 historiographis
574 1206 824 1261 perhibetur,
849 1206 908 1246 uti
942 1205 1181 1261 praesertim
1215 1201 1304 1242 illae
1321 1216 1425 1256 quae
1441 1216 1485 1240 ex
1506 1201 1598 1240 lon-

206 1267 365 1322 ginquis
398 1264 673 1312 adventabant
709 1263 941 1320 regionibus
964 1294 976 1316 ‚
1016 1272 1062 1303 ut
1110 1276 1258 1317 nempe
1306 1275 1355 1301 ex
1407 1259 1597 1312 Arabia,

211 1328 325 1383 Syria
350 1356 363 1375 ‚
402 1324 620 1365 Phoenicia
641 1355 651 1375 ‚
687 1335 727 1365 et
760 1338 807 1364 ex
837 1322 1019 1379 AEgypto
1041 1352 1052 1374 ,
1084 1335 1191 1377 quae
1212 1352 1224 1372 ‚
1257 1334 1334 1376 pro
1367 1333 1443 1360 suo
1497 1331 1599 1358 una-

212 1399 402 1439 quaeque
435 1383 601 1429 studio,
636 1383 733 1423 deos
765 1383 873 1435 ipsos
904 1379 1291 1436 prosequebantur,
1325 1391 1476 1432 eaeque
1521 1377 1600 1416 diis

210 1441 413 1481 aediculas
439 1471 452 1489 ,
483 1455 653 1494 arasque
684 1440 867 1479 Puteolis
899 1437 1180 1478 aedificarunt.
1214 1439 1305 1476 Hoc
1355 1450 1450 1489 ergo
1502 1437 1603 1475 Ara·

211 1499 312 1539 bum
346 1514 495 1538 numen
531 1497 643 1537 iuxta
675 1496 927 1537 Bochartum
958 1494 1185 1544 Bacchum,
1219 1495 1280 1534 vel
1315 1493 1451 1534 Solem
1473 1493 1598 1546 signi-

213 1555 380 1607 ficasse,
414 1571 460 1596 ac
494 1555 589 1595 inde
622 1556 746 1596 deum
779 1553 904 1594 veluti
959 1554 1155 1610 ipsosmet
1199 1552 1372 1593 coluisse
1421 1561 1596 1593 constat.

213 1614 327 1656 Idem
364 1615 585 1655 Roehartus
619 1615 729 1655 hunc
762 1614 959 1654 Dusarem
982 1643 991 1660 ,
1024 1613 1084 1653 vel
1113 1613 1314 1668 Dysarem
1349 1610 1502 1657 asserit,
1524 1611 1595 1665 qui

214 1673 437 1714 dominnm
473 1674 679 1714 libertatis
720 1671 917 1727 significat
937 1702 953 1722 ,
992 1672 1053 1712 vel
1076 1670 1378 1724 expressionis
1398 1684 1599 1719 uvarum,

212 1731 275 1772 vel
309 1733 491 1774 convivii
523 1732 735 1772 Bacchum
768 1731 890 1772 fuisse
921 1730 971 1771 ab
1007 1729 1211 1772 Arabibus
1235 1760 1247 1778 ,
1299 1739 1338 1769 et
1386 1743 1605 1783 praecipue

213 1805 233 1830 a
271 1790 696 1843 Palaestinisapopulis
728 1790 957 1829 adoratum.
990 1787 1145 1830 Arabes
1180 1803 1307 1836 vero,
1343 1797 1380 1827 et
1417 1785 1604 1826 Palaesti-

217 1849 256 1888 ni
295 1851 561 1903 negotiator‘es
599 1848 774 1888 Puteolis
794 1858 1095 1888 commorantes
1127 1847 1238 1886 hunc
1274 1845 1452 1899 patrium
1478 1845 1602 1884 ileum

214 1907 294 1946 huc
336 1908 640 1961 adsportarunt.
692 1904 960 1948 Doctissimns
1009 1904 1205 1946 Seldenus
1252 1904 1314 1943 De
1359 1903 1443 1942 Diis
1494 1901 1607 1959 Syris

212 1964 422 2022 Sy'ntagm.
438 1980 462 2005 2.
482 1968 505 2016 4
526 1967 634 2005 hunc
655 1968 855 2006 Dusarem
878 1964 1083 2004 Arabibus
1101 1972 1297 2018 corrupte
1319 1961 1476 2002 dictum
1505 1963 1606 2001 Dia-

209 2026 395 2079 plzstrem
416 2025 536 2066 fuisse
558 2025 625 2073 ait,
651 2037 694 2065 ut
714 2035 771 2065 est
788 2021 898 2078 apud
919 2022 1220 2064 Tertullianum
1248 2022 1465 2074 Apologet.
1481 2036 1514 2060 c.
1538 2028 1606 2072 24.

213 2084 319 2124 Hinc
354 2084 490 2124 scribit
521 2083 711 2124 laudatus
745 2094 888 2123 auctor
920 2098 1001 2123 non
1024 2081 1156 2122 solum
1178 2081 1383 2121 Bacchum
1413 2080 1483 2118 har.
1508 2094 1612 2134 ‹pia-

216 2141 446 2198 dranguleri
479 2144 561 2184 saxi
593 2143 723 2198 specie
757 2141 942 2191 cultum,
978 2156 1119 2181 verum
1155 2140 1278 2180 etiam
1311 2139 1529 2181 Venerem,
1568 2147 1607 2177 et

212 2200 388 2241 <Martem
421 2203 532 2258 apud
567 2200 782 2242 orientales
816 2201 1093 2241 vetustissimo
1129 2199 1229 2242 olim
1265 2208 1449 2253 tempore
1476 2198 1607 2237 liono-

218 2272 260 2299 re
291 2273 543 2316 prosecutos.

330 2321 420 2361 Hoc
456 2319 773 2363 vetustissimum
797 2350 809 2370 ,
844 2328 882 2359 et
910 2316 1217 2358 nobilissimum
1239 2316 1354 2357 urbis
1374 2314 1598 2369 templum,
