1920 2579
1493 129 1514 154 o

164 182 246 210 non
277 164 394 209 Baias
426 164 622 208 'exercitus
657 163 817 207 ruinam
866 165 991 209 <fuisse
1048 166 1203 209 tradit:
1260 167 1316 208 In
1365 130 1546 212 kibemg

162 232 350 282 Capuam
381 229 597 268 concessit.
632 224 705 266 Ibi
725 233 899 279 partem
931 225 1137 267 maiorem
1170 227 1319 269 hiemis
1365 233 1538 271 exerci-

162 296 248 328 tum
280 285 323 325 in
355 283 475 325 tectis
506 284 657 324 habuit.
695 284 751 324 Et
786 282 905 338 paulo
930 295 1024 339 post
1058 284 1291 339 subiungit:
1347 286 1535 328 Somnus

160 348 273 385 enim
291 373 306 393 ,
342 351 382 382 et
413 346 551 383 vinum
571 373 583 392 ,
617 351 659 383 et
689 343 841 397 epulae
862 371 873 391 ,
906 350 946 381 et
975 352 1122 384 scorta
1144 373 1155 394 ‚
1188 345 1428 401 balneaque
1449 375 1461 394 ,
1494 356 1535 387 ec

161 408 293 445 otium
323 399 635 441 consuetudine
665 401 709 440 in
751 399 844 439 dies
860 400 1061 442 blandius
1084 432 1096 450 ,
1127 402 1185 442 ita
1202 417 1254 443 ea
1272 414 1531 444 enervamnt

160 473 376 514 corpora,
413 459 667 516 animos-que
699 467 742 499 ut
773 462 913 514 magis
958 458 1115 500 deinde
1147 462 1411 514 praeter-icae
1453 476 1530 503 eos

158 517 388 567 victoriae,
422 531 544 573 quam
571 525 826 572 praesentes
858 524 1094 558 tutarentur
1126 520 1246 560 vires.
1295 519 1423 561 Soles
1460 520 1528 574 igi-

160 588 226 618 tur
263 591 284 616 a
318 573 444 615 Floro
483 576 718 628 memorati,
753 585 792 616 et
831 585 1020 630 tepentes
1052 576 1192 618 Baiae
1243 587 1338 617 sunt
1388 578 1526 619 intelli-

157 634 307 691 gendae
340 647 412 689 pro
446 635 618 687 scortis,
653 645 690 673 et
721 634 852 685 vinis,
885 645 924 675 et
954 634 1105 676 balneis
1126 666 1138 685 ,
1174 646 1413 692 somnoque,
1439 639 1526 691 qui·

154 694 230 735 bus
267 701 394 736 totam
431 691 606 735 hiemem
640 691 848 749 Campana
883 693 988 734 intra
1028 703 1130 734 tecta
1170 693 1384 736 traduxero
1416 696 1526 736 Han·

155 751 299 794 nibalis
327 748 484 791 milites.

268 811 397 862 Super
433 810 584 850 Baiano
612 809 730 851 litore
757 808 892 866 plures
915 809 1078 866 insuper
1097 809 1380 854 Romanorum
1412 811 1755 874 eqni-gflssfgffffgwtuo*

156 880 245 911 tum
279 867 395 910 villae
416 899 429 918 ,
460 879 498 909 et
527 867 708 909 aedificia
741 879 973 910 constructa
1008 869 1148 921 fuere,
1192 880 1236 910 ut
1273 871 1436 928 Syllae,
1470 872 1517 913 C.
1550 857 1562 874 ε
1617 858 1653 875 ⁰¹
1676 857 1750 875 uum

153 927 302 977 Marii,
344 925 559 982 Pompeii,
594 927 850 982 aliorumque
875 942 885 968 :
920 942 1025 984 quae
1054 926 1142 968 loca
1170 927 1305 969 adhue
1357 942 1519 972 servant

150 985 390 1026 memoriam
410 1015 421 1035 ,
458 993 610 1025 terrent
640 983 898 1026 advenientes
931 986 1124 1027 immania
1163 986 1442 1029 aedificiorum
1461 1003 1520 1030 ca-

151 1042 327 1094 davera,
353 1041 717 1098 demonstrantque
752 1041 886 1084 adhuc
920 1043 1122 1098 sepultam
1158 1044 1198 1084 in
1237 1046 1362 1086 ruinis
1379 1061 1520 1102 super-

150 1102 274 1144 biam.
313 1100 426 1143 Villa
464 1100 511 1142 C.
544 1100 726 1142 Caesaris
759 1100 980 1143 Dictatoris
1015 1112 1099 1143 erat
1133 1100 1172 1142 in
1222 1113 1392 1156 monte,
1445 1105 1516 1160 qui

148 1160 258 1201 Baiis
296 1159 495 1202 imminet.
528 1158 696 1200 Tacitus
728 1158 799 1202 lib.
832 1159 946 1203 XIV.
987 1174 1021 1203 c.
1057 1175 1081 1213 9
1120 1160 1250 1217 ipsam
1274 1161 1400 1203 tradit
1433 1177 1518 1204 esse

143 1232 265 1274 super
300 1218 435 1270 viam,
474 1232 554 1274 qua
588 1217 794 1259 Misenum
831 1218 1017 1260 eundum
1054 1229 1155 1270 erat,
1180 1219 1248 1260 ubi
1274 1220 1397 1261 hodie
1416 1220 1517 1261 eius-

147 1275 243 1318 dem
276 1276 421 1318 rudera
456 1274 628 1318 aedificii
667 1275 862 1318 immensa
896 1288 1142 1336 supersunt:
1179 1278 1313 1320 Viam
1345 1278 1509 1320 Miseni

137 1343 344 1388 propter,
377 1344 417 1376 et
445 1335 599 1378 villam
628 1332 829 1378 Caesaris
859 1336 1101 1378 Dictatoris
1119 1367 1135 1386 ,
1171 1351 1280 1391 quae
1311 1338 1516 1380 subiectos

142 1392 258 1433 sinus
283 1392 517 1434 editissima
543 1402 805 1449 prospectat.
839 1392 953 1434 Olim
991 1404 1194 1449 repertam
1225 1395 1345 1437 fuisse
1364 1396 1403 1436 in
1422 1394 1514 1435 sub-

147 1450 339 1491 terraneis
364 1461 554 1493 statuam
581 1463 679 1490 cum
722 1450 798 1491 hac
834 1450 1072 1508 epigraphe:
1113 1451 1250 1493 GEN.
1289 1452 1334 1494 C.
1393 1452 1506 1494 lVL.

144 1506 301 1550 CAES.
342 1519 506 1550 narrant
540 1516 724 1549 auctores
762 1508 956 1551 historiae
986 1509 1292 1564 Neapolitanae.
1343 1509 1510 1552 Adhaec

144 1564 222 1606 fuit
261 1566 384 1608 etiam
415 1566 481 1607 illa
518 1565 622 1608 Cnei
664 1566 849 1622 Pompeii
878 1582 1001 1623 super
1040 1565 1218 1618 collem,
1253 1568 1512 1624 quieratin-

144 1633 204 1665 ter
231 1622 365 1665 lacum
398 1626 648 1675 Avernum,
697 1634 737 1666 et
764 1626 948 1667 Tritulae
993 1625 1222 1670 Sudatoria.
1270 1626 1349 1667 Hie
1402 1627 1511 1667 enim

142 1696 258 1724 suam
288 1682 426 1726 villam
461 1699 510 1727 eo
546 1683 780 1725 construxit
818 1685 938 1735 loco,
978 1699 1063 1740 quo
1089 1684 1255 1725 Baianas
1272 1684 1510 1740 fugeretde·

144 1740 279 1792 licias,
321 1756 484 1798 quoque
520 1741 575 1782 ibi
614 1741 743 1785 vitam
773 1753 909 1798 ageret
936 1757 958 1782 a
994 1742 1100 1783 curis
1117 1754 1341 1794 semotam;
1377 1743 1425 1783 de
1447 1758 1511 1783 ea-

144 1797 238 1841 dem
275 1799 315 1840 in
353 1800 677 1855 praesentiarum
721 1803 831 1841 nulla
866 1809 1084 1856 supersunt
1122 1800 1279 1842 rudera.
1317 1801 1420 1842 Eam
1451 1816 1511 1842 ve·

143 1871 189 1898 ro
227 1858 386 1913 penitus
418 1857 669 1899 submersam
706 1857 757 1900 ab
799 1859 908 1900 Novi
947 1858 1100 1899 Montis
1137 1859 1367 1916 eruptione,
1413 1869 1450 1899 et
1486 1869 1508 1899 'a

146 1915 421 1965 Barbarorum
462 1916 656 1958 manibus
686 1917 788 1958 fama
826 1926 896 1958 est.

261 1974 367 2015 Villa
400 1974 449 2016 C.
487 1975 610 2015 ‘Marii
644 1990 764 2032 supra
799 1974 977 2016 eundem
1010 1973 1087 2016 fuit
1119 1973 1265 2016 collem
1288 2005 1299 2026 ,
1346 1975 1395 2016 de
1426 1991 1578 2031 quavam
1601 1995 1734 2021 emm:

138 2032 303 2087 quidem
340 2032 734 2088 magnificentissima
752 2034 886 2075 adhuc
924 2045 1142 2089 supersunt
1161 2031 1340 2088 vestigia.
1361 2035 1397 2075 A
1417 2034 1506 2075 Plu-

139 2091 277 2132 tarcho
311 2092 350 2132 in
385 2092 469 2132 eius
506 2092 583 2132 vita
621 2103 880 2150 compertum
921 2092 1147 2146 habemus,
1184 2092 1294 2133 illam
1331 2091 1451 2135 fuisse
1470 2107 1505 2132 a·

137 2148 213 2188 deo
241 2149 494 2205 splendidam¹
518 2161 609 2200 ‚ut
644 2151 836 2193 Cornelio
866 2150 1002 2210 Syllae
1033 2160 1169 2205 postea
1210 2150 1498 2193 venumdatam

138 2205 449 2250 fnisse-constet*
478 2209 710 2251 LXXXIII.
749 2209 859 2251 mille
889 2210 1068 2252 sestertia
1087 2220 1104 2262 ,'
1138 2208 1336 2265 illumque
1374 2209 1504 2265 ipsam

137 2263 400 2320 amplificasse
426 2301 439 2323 ,
475 2267 652 2325 indeque
684 2269 911 2312 vendidisse
939 2268 1064 2311 Gen.
1096 2267 1207 2311 mille
1224 2267 1418 2310 sestertia.
1438 2271 1503 2310 Se-

1001 2327 1022 2352 κ
