1920 2579
343 147 422 186 250

345 206 448 254 tris,
481 202 648 259 aliisque
678 202 851 259 publicis
881 203 981 245 locis
1012 204 1063 247 ad
1094 206 1323 263 spectacula
1356 203 1511 247 edenda
1542 206 1723 249 abunda·⁴

342 261 452 302 baut.
487 263 580 302 Non
613 262 732 302 aliam
765 263 818 303 ob
866 276 1028 305 causam
1079 265 1122 305 id
1152 265 1305 306 factum
1339 265 1459 306 fuisse
1503 277 1674 308 autumo
1709 298 1720 318 ‚

341 321 415 359 nisi
450 319 562 376 quod
592 321 710 374 longa
742 335 866 376 pace,
902 331 940 361 et
971 321 1421 377 fortunaeindulgentia
1447 339 1601 379 semper
1625 338 1721 378 gau-

345 377 519 427 derent,
573 387 612 418 et
669 387 729 418 tot.
777 378 939 434 publica
969 382 1270 422 construxerint
1302 380 1484 422 aedificia
1512 382 1572 422 *ad
1604 382 1720 422 beate

343 434 577 475 wivendum.
612 437 671 475 Ex
709 448 771 478 tot
803 437 943 478 edictis
972 438 1023 478 ad
1045 440 1288 494 Pompeiana
1321 439 1548 495 spectacula
1599 441 1721 480 eden·

342 493 391 532 da
425 492 748 548 pertinentibus,
796 511 901 552 quae
949 511 1068 552 supet·
1117 496 1336 537 domorum
1370 498 1538 552 parietes
1592 512 1719 553 usque

342 552 558 604 {eguntur,
591 566 776 609 quaeque
809 556 849 594 in
881 552 965 594 dies
1000 554 1292 605 effodiuntur,
1330 555 1423 595 satis
1472 555 1673 610 colligitur
1706 587 1719 605 ,

336 623 430 655 ,εειιτι
465 609 608 650 urbem
640 626 765 665 quam
795 612 970 653 maxime
1003 612 1054 652 ad
1096 613 1225 652 otium
1248 643 1259 663 ‚
1311 623 1351 653 et
1385 611 1502 653 ludos
1546 612 1720 668 agendos

341 682 424 707 esse
456 668 774 712 accomodatam.
825 670 867 709 Si
911 671 1018 710 enim
1053 669 1148 710 urbs
1197 681 1279 710 tam
1318 685 1443 725 parva
1476 671 1579 710 inter
1619 672 1714 711 alias

344 724 604 780 Campanas,
659 739 698 766 et
741 726 851 767 haud
899 727 1076 769 nobilior
1124 743 1220 784 prae
1249 730 1423 778 ceteris,
1465 739 1504 769 et
1551 728 1719 770 assiduis

344 783 579 838 spectaculis
625 784 814 836 addicta,
867 786 967 842 quid
1018 786 1285 827 iudicandum
1335 785 1385 827 de
1414 787 1623 836 Puteolis,
1669 787 1720 827 de

339 841 546 896 Neapoli,
581 852 639 883 tot
670 845 782 895 aliis,
815 854 854 883 et
887 844 1102 899 praecipue
1134 845 1184 885 de
1216 845 1356 900 Capua
1400 845 1501 885 urbe
1552 845 1716 886 nobilis-

341 899 441 939 sima
465 902 487 939 ξ’
523 901 563 941 Si
595 903 701 942 enim
737 903 906 943 fuissent.
939 902 1056 943 nobis
1086 901 1330 954 amandata,
1363 913 1407 943 ut
1426 902 1477 944 de
1495 905 1714 959 Pompeiis,

341 968 380 998 et
413 957 676 1001 Herculaneo
708 959 758 1000 ad
792 974 863 1001 nos
898 971 1003 1001 sarta
1043 972 1146 1001 tecta
1167 969 1470 1017 pervenerunt,
1507 971 1610 1017 quot
1630 977 1719 1016 pre-

340 1018 445 1057 tiosa
479 1030 747 1060 monumenta
780 1033 861 1060 non
895 1018 1169 1061 haberemus?
1224 1020 1340 1073 Quae
1370 1034 1465 1060 cum
1511 1021 1566 1059 ita
1595 1020 1673 1060 sint
1708 1051 1718 1071 7

342 1074 674 1117 concludendum
707 1079 824 1118 hasce
857 1076 976 1118 urbes
1007 1077 1235 1133 Campanas
1265 1077 1604 1119 fortunatissimas
1621 1077 1719 1118 olim

340 1132 490 1181 fuisse,
520 1133 621 1174 dum
654 1135 889 1190 spectaculis
922 1150 1051 1189 usque
1084 1136 1316 1189 gauderent.
1351 1136 1438 1177 Hae
1472 1134 1589 1176 urbes
1629 1137 1720 1192 qui-

343 1189 436 1231 dem
461 1189 512 1230 ad
531 1192 708 1232 Romani
729 1193 892 1247 Imperii
913 1192 1070 1246 lapsum
1093 1193 1227 1233 adhuc
1248 1194 1368 1233 hosce
1384 1193 1503 1234 ludos
1536 1194 1721 1237 edebant.

462 1248 615 1289 Everso
648 1250 795 1291 deiude
829 1251 1016 1291 inanium
1049 1250 1223 1291 deorum
1265 1250 1376 1291 cultu
1397 1281 1410 1301 ,
1447 1262 1484 1291 et
1525 1250 1720 1291 Christia-

343 1306 403 1347 nis
440 1306 758 1361 Imperatoribus
790 1307 842 1348 ad
877 1308 1026 1350 solium
1056 1308 1202 1348 evectis
1226 1340 1239 1356 ‚
1292 1308 1386 1349 binc
1433 1308 1628 1363 paulatim
1663 1309 1720 1351 le-

343 1379 407 1420 ges
440 1365 543 1405 latae
574 1365 774 1416 fuerunt,
830 1377 875 1407 ut
926 1365 1162 1406 huiusmodi
1216 1365 1450 1420 Spectacula
1493 1366 1721 1408 humanum

341 1422 574 1477 sanguinem
609 1439 735 1479 usque
767 1424 990 1465 redolentia
1025 1424 1352 1480 prohiberentur.
1395 1423 1575 1465 Concilia
1607 1424 1721 1466 dein-

339 1478 389 1521 de
420 1495 535 1535 saepe
567 1484 687 1523 etiam
718 1493 963 1534 sanxerunt,
1015 1497 1065 1522 ne
1116 1480 1291 1537 amplius
1333 1481 1418 1522 ludi
1477 1482 1632 1525 fierent.
1666 1487 1722 1525 At

339 1540 447 1579 hisce
480 1538 592 1579 baud
629 1540 884 1582 obstantibus
916 1542 1052 1597 plures
1084 1539 1218 1580 adhuc
1254 1539 1402 1580 deiude
1435 1541 1553 1583 urbes
1575 1571 1587 1590 ,
1640 1544 1722 1583 sive

344 1596 450 1652 quod
484 1596 654 1639 deorum
688 1601 815 1640 cultui
849 1599 984 1640 adhuc
1029 1598 1215 1640 addictae
1250 1598 1417 1650 forent,
1472 1601 1554 1639 sive
1607 1600 1721 1655 quod

341 1655 603 1712 antiquorum
639 1671 772 1698 mores
808 1657 920 1698 haud
959 1658 1140 1707 mutati,
1191 1656 1358 1696 eandem
1411 1656 1721 1698 delectationem

344 1715 392 1756 de
422 1714 667 1770 Spectaculis
701 1714 949 1756 habuerunt.
984 1716 1091 1756 Hinc
1126 1729 1173 1755 ex
1205 1713 1370 1755 historia
1407 1715 1563 1771 liquet,
1600 1716 1719 1756 etiam

342 1787 438 1813 cum
470 1771 705 1815 Romanum
747 1774 971 1828 Imperium
1006 1772 1186 1828 undique
1219 1784 1303 1814 erat
1339 1788 1407 1828 per
1440 1773 1720 1814 Barbarorum

345 1830 500 1872 assidua
535 1832 636 1872 bella
656 1863 668 1881 ‚
709 1842 748 1872 et
786 1831 1042 1873 incursiones
1060 1832 1340 1881 dilaceratum,
1362 1832 1596 1887 Spectacula
1618 1832 1722 1872 edita

349 1890 478 1930 luisse.
512 1889 597 1930 Sub
632 1890 892 1932 Theodorico
924 1890 1164 1931 Gothorum
1200 1891 1358 1945 optimo
1381 1893 1486 1946 Rege
1508 1901 1575 1940 ,et
1610 1890 1723 1930 dein-

345 1948 394 1988 de
429 1947 505 1987 sul)
536 1947 700 1990 Alarico
737 1949 879 1990 eadem
916 1949 1050 1989 adhue
1080 1948 1260 1997 fiebant,
1307 1948 1437 1988 donec
1485 1948 1719 2002 Langobar-

348 2007 495 2048 dorum
551 2021 653 2048 nova
699 2008 741 2047 in
788 2008 902 2048 Italia
933 2006 1165 2047 introducta
1199 2017 1346 2059 gente,
1377 2016 1530 2046 mutata
1585 2008 1719 2048 omnia

351 2067 460 2106 luere
482 2095 493 2113 ,
527 2075 647 2122 atque
682 2065 738 2108 ita
771 2065 940 2109 omnino
979 2065 1120 2109 eadem
1150 2064 1282 2106 ablata
1309 2064 1484 2106 suerunt.
