1920 2579
343 141 401 180 30

345 192 599 253 sepulchret'a
632 204 726 237 sunt
775 210 820 237 ex
852 204 1028 253 utroque
1059 196 1144 238 viae
1174 196 1328 240 {ateret
1363 213 1408 240 ea
1440 198 1481 238 in
1533 213 1718 255 praesen⁴

344 257 495 296 liar-um
527 253 578 294 ab
609 255 805 309 indigenis
829 256 1102 296 Columbaria
1121 256 1580 307 dicunt11r33emidiruta
1602 273 1717 299 nunc·

345 314 643 364 adservantur,
676 313 716 352 in
750 313 899 368 quibus
930 314 1077 354 adsunt
1109 312 1354 372 symbolicae
1376 314 1543 370 figurae,
1561 327 1599 357 et
1620 331 1714 358 ana-

342 373 576 429 glypticae‚
609 387 636 412 α
667 381 828 412 scacco.

395 430 397 432 ’
461 430 576 470 Nihil
604 429 680 469 hac
714 429 775 469 via
807 430 1010 483 nobilius,
1043 440 1084 471 et
1114 431 1365 487 splendidius
1384 449 1404 482 ,-
1454 441 1577 475 restat
1623 433 1712 475 heic

344 487 460 544 quasi
493 490 678 544 integr33
713 503 760 530 ex
791 504 832 529 ea
865 499 979 546 parte
1009 505 1090 545 qua
1120 488 1173 529 ad'
1201 491 1410 546 antiqua-m
1458 490 1568 532 urbis
1621 507 1713 547 por-

345 556 426 587 tam
462 547 573 598 itur,
606 548 719 587 euius
752 561 842 603 pars
875 558 1085 603 superest3
1118 548 1171 587 ibi
1203 549 1302 590 olim
1324 540 1537 601 ’vectigalia
1572 552 1711 593 Puteo„

342 606 433 645 lana
465 604 644 646 aderant.
679 606 830 647 Adhuc
861 605 1070 646 Pondera
1104 606 1190 646 heic
1222 605 1417 647 dicuntur
1448 605 1498 645 ab
1531 607 1675 649 incolis
1691 640 1714 660 ,t

345 664 498 720 quippe
529 663 641 719 quod
671 664 808 705 omnia
841 678 946 719 quae
977 677 998 702 a
1032 663 1133 703 mari
1166 663 1478 719 proveniebant,
1510 666 1710 720 pondera-

336 724 510 773 bantur,
547 733 586 763 et
619 720 783 775 vectigal
816 720 1059 761 solvebatur.
1093 722 1186 762 Hoc
1218 721 1308 762 Ioco
1342 722 1455 776 plura
1477 732 1626 763 restant
1647 740 1712 767 ve-

336 788 537 820 tustarum
571 778 819 820 fabricarum
852 778 997 820 rudera
1019 810 1034 831 ,
1071 789 1111 821 et
1152 781 1394 833 praesertim
1452 777 1714 822 tabernarum

336 851 459 893 super
489 838 582 878 litus
613 837 664 879 ad
699 851 852 878 merces
884 838 1109 879 servandas.
1142 839 1242 879 Heio
1273 839 1392 880 etiam
1412 847 1493 879 tres
1514 838 1600 878 viae
1618 841 1712 880 con-

335 894 626 950 iungebantur‚
660 894 871 953 Campana
904 896 1082 946 seilicet,
1113 897 1362 947 Antiniana,
1409 912 1477 938 seu
1524 897 1714 952 Neapoli-

336 964 462 1004 tana,
498 964 538 995 et
569 954 817 997 Domitiana.
852 958 1061 1010 Quantam
1094 955 1310 998 hominum
1346 955 1614 1010 frequentiam
1642 953 1714 994 diu

335 1023 543 1067 noctuque
573 1013 660 1053 viae
689 1012 787 1054 istae
817 1012 1027 1054 continere
1059 1012 1271 1068 quondam
1314 1012 1544 1054 debebant!
1597 1016 1711 1066 Quot

335 1069 424 1110 heic
456 1084 610 1111 merces
642 1084 688 1111 ex
720 1071 909 1112 omnibus
941 1069 1088 1111 mundi
1121 1070 1303 1127 partibus
1336 1085 1407 1126 per
1427 1071 1616 1110 :hascein
1640 1085 1708 1109 ur-

335 1127 429 1168 bem
462 1127 866 1169 introducebantur?
896 1138 998 1184 quot
1030 1138 1167 1182 gentes
1205 1127 1320 1170 coelo
1371 1126 1605 1168 differentes
1652 1126 1707 1167 ad

335 1185 482 1229 urbem
513 1185 721 1228 visendam
754 1186 834 1227 huc
863 1185 1158 1228 confluebant?
1190 1197 1228 1227 et
1278 1186 1397 1243 quale
1445 1185 1708 1240 magnificum

334 1243 611 1300 spectaculum
645 1246 706 1286 via
738 1244 976 1301 praesertim
1007 1243 1216 1302 Campana
1248 1246 1454 1286 continere
1503 1243 1708 1295 debebat,

324 1317 440 1358 -quae
473 1301 628 1345 infinita
663 1302 876 1360 sepulchra
908 1303 959 1344 ab
990 1312 1167 1358 utroque
1195 1303 1286 1346 viae
1323 1302 1446 1343 latere
1491 1299 1670 1341 habebat
1697 1313 1705 1342 ε

335 1363 460 1402 Nunc
491 1361 613 1403 etiam
646 1362 843 1417 temporis
872 1372 964 1417 post
996 1369 1056 1402 tot
1088 1359 1272 1412 saecula,
1305 1371 1345 1401 et
1375 1368 1466 1416 post
1499 1369 1560 1408 tot
1608 1359 1713 1398 vices

333 1419 459 1460 etiam
491 1417 798 1460 advenientibus
829 1418 1174 1472 magnificentiam
1205 1417 1366 1458 exhibet
1408 1417 1473 1457 via
1521 1416 1672 1458 isthaec
1697 1447 1710 1465 ,

335 1491 440 1534 quae
471 1486 530 1518 tot
560 1475 773 1532 magnifica
806 1485 936 1517 servat
967 1477 1132 1517 ruinosa
1180 1483 1473 1528 monumenta,
1522 1484 1569 1515 ut
1616 1489 1713 1517 cum

338 1534 473 1594 Appia
507 1535 666 1577 viarum
699 1536 835 1591 regina
866 1534 1072 1577 decertare
1105 1534 1245 1592 utique
1277 1534 1417 1590 possit.

362 2011 1675 2034 *mm-⁸*

351 2104 443 2138 IIist.
475 2104 603 2139 Natur.
629 2102 728 2138 Haec
755 2112 817 2150 per
839 2095 1015 2135 'Leborios
1042 2109 1184 2147 campos
1210 2095 1380 2133 Puteolos
1407 2096 1576 2131 viatorem
1604 2094 1715 2131 duce-

351 2154 424 2189 bat.
454 2154 532 2189 Non
565 2152 690 2202 procul
716 2152 760 2187 ab
787 2151 914 2186 Aversa
942 2161 1060 2184 ramus
1097 2148 1219 2184 aderat
1264 2147 1462 2195 Campanae
1497 2147 1600 2188 viae,
1644 2159 1713 2194 qua

349 2204 505 2238 Atellam
533 2210 607 2237 erat
637 2201 808 2240 eundum.
835 2198 1016 2235 Pratillius
1043 2212 1076 2234 c.
1104 2199 1127 2233 8
1155 2197 1199 2234 de
1226 2196 1294 2233 Via
1321 2196 1435 2245 Appia
1463 2194 1618 2243 lapidem
1657 2208 1710 2230 re-

349 2254 428 2288 citat
452 2281 463 2296 ‚
492 2266 533 2288 ex
562 2266 634 2302 quo
662 2258 882 2299 compertum
911 2259 988 2293 est,
1040 2249 1296 2298 Imperatorem
1335 2245 1561 2283 Antoninum
1603 2246 1710 2282 Pium

351 2304 570 2353 Campanam
596 2313 809 2342 teszailrasse
838 2299 947 2338 viam.
