1920 2579
389 116 466 165 1-1'40

382 171 562 213 minibus
593 169 842 228 quandoque
874 169 1039 212 factum.
1075 175 1196 215 Petro
1228 173 1335 215 enim
1364 171 1562 216 Toletano
1595 174 1752 232 Neapo-

383 230 554 271 litanum
585 229 892 271 administrante
925 231 1108 284 Regnum
1141 230 1243 272 duos
1273 244 1405 273 servos
1425 232 1465 272 in
1488 233 1563 273 hoc
1584 244 1751 275 antrum

382 290 598 337 immissos,
624 288 758 328 statim
780 288 863 328 vita
897 289 1073 343 privatos
1106 289 1226 331 fuisse
1247 301 1380 330 narrat
1404 290 1581 333 historia.
1600 293 1654 332 Et
1673 292 1753 334 Ca-

380 348 492 388 rolus
523 345 636 389 VIII·
670 345 900 388 Galliarum
932 346 1015 388 Rex
1056 347 1109 388 ad
1151 348 1246 389 haec
1283 350 1366 390 loca
1398 347 1614 390 adveniens
1630 364 1751 406 super

380 407 513 446 asinos
546 404 721 459 pericula
761 405 853 446 fecit
874 437 884 457 ‚
918 406 987 459 qui
1027 408 1146 447 etiam
1187 409 1337 448 mortui
1370 406 1494 448 fuere.
1527 407 1584 449 At
1619 408 1753 449 unde-

380 479 472 504 nam
514 479 579 504 aer
612 461 678 503 hic
708 474 790 504 tam
824 463 1012 520 pestilens
1036 495 1048 514 ‚
1081 476 1119 506 et
1153 465 1309 506 lethalis
1342 465 1382 506 in
1415 478 1460 505 ea
1512 475 1653 523 crypta
1683 481 1749 522 ge·

378 523 579 563 neratur?
609 522 686 562 Hic
731 522 830 562 nihil
863 522 972 563 aliud
1005 533 1066 564 est
1103 527 1120 580 (
1151 534 1196 564 ut
1228 533 1319 563 ante
1351 522 1526 565 diximus
1557 525 1576 580 )
1622 538 1748 579 quam

375 580 597 621 immensae
629 578 861 622 vulcanicac.
891 583 1082 622 materiae
1104 614 1114 633 ⁷
1146 597 1248 636 quae
1277 580 1318 620 in
1357 596 1403 622 eo
1445 579 1532 621 solo
1567 593 1752 635 regnant,

375 650 413 679 et
446 639 533 680 heic
566 639 796 694 praesertim
821 639 1075 680 extricantur.
1094 639 1254 697 Physici
1277 648 1458 680 auctores
1475 638 1591 693 plura
1611 640 1660 678 de
1677 640 1752 683 hac

375 708 517 753 crypta
549 697 838 750 scriptitarunt.
872 697 928 737 Ea
962 711 1056 738 vero
1087 698 1137 738 ab
1167 695 1344 751 antiquis
1389 695 1622 738 auctoribus
1672 698 1750 741 fnit

375 755 574 810 appellata
605 754 766 795 Scrobs
803 755 1041 795 Charonea.
1075 756 1230 797 Plinius
1263 755 1366 795 inter
1395 755 1495 795 alios
1526 755 1748 809 canisigni.

376 813 513 854 ficasse
544 811 705 852 videtur
736 811 813 853 hoc
846 813 970 854 modo
1003 814 1105 855 Hist.
1138 817 1282 855 Natur.
1319 812 1386 853 lib.
1420 811 1490 853 III.
1510 827 1542 852 c.
1562 815 1628 866 93.
1646 814 1743 870 Spi-

378 874 484 912 ritus
519 871 701 911 lethales
733 871 865 923 alibi,
917 879 990 912 aut
1020 873 1240 913 scrobibus
1271 871 1439 911 emissis
1459 901 1471 920 ,
1522 881 1595 912 aut
1646 872 1741 927 zjnso

379 931 469 970 loci
495 931 576 971 situ
608 930 816 976 mortifer-i
828 946 848 980 ;
883 929 990 971 alibi
1016 931 1260 971 volucribus
1294 938 1483 980 tantum,
1501 937 1544 968 ut
1558 928 1741 972 Soracte

381 989 517 1029 vicino
553 988 646 1028 urbi
679 995 844 1027 tractu:
876 987 982 1028 alibi
1003 998 1181 1042 praeter
1210 987 1431 1028 hominem
1471 988 1624 1028 ceteris
1653 989 1744 1031 ani·

380 1047 606 1096 mantibus,
631 1059 942 1102 nonnunquam
963 1056 1003 1086 et
1021 1047 1252 1096 homini,ut
1269 1049 1311 1085 in
1332 1046 1593 1085 Sinuessano
1609 1060 1737 1102 agro,

380 1113 420 1143 et
457 1104 714 1144 Puteolano.
747 1103 981 1156 Spiracula
1014 1113 1196 1144 vocant:
1225 1103 1302 1143 alii
1335 1102 1590 1143 Charoneas
1625 1118 1739 1145 scro-

381 1164 454 1202 bes
487 1162 752 1212 mor-efferum
785 1165 979 1214 spiritum
1011 1162 1285 1202 exhalantes.
1327 1163 1379 1200 Et
1428 1160 1661 1202 Sanfelicius
1690 1161 1741 1202 de

382 1220 495 1273 Orig.
521 1218 666 1273 Camp.
702 1231 790 1271 pag.
830 1219 876 1260 15
909 1218 965 1258 sic
1001 1220 1121 1258 etiam
1156 1217 1327 1259 scribit:
1350 1216 1436 1258 Est
1473 1218 1741 1274 inproximo

383 1288 524 1319 terrae
554 1276 818 1333 spiraculum
838 1307 852 1327 ,
888 1275 1039 1329 ‹ffatu
1070 1282 1181 1317 intus
1212 1275 1382 1327 tabfico
1403 1306 1416 1325 ,
1459 1276 1628 1331 signum
1671 1278 1744 1317 ha-

387 1337 490 1376 bens
527 1336 650 1376 iuxta
674 1365 686 1383 ‚
721 1334 839 1389 quod
878 1348 962 1373 non
994 1335 1089 1375 sine
1123 1336 1232 1375 vitae
1263 1333 1458 1387 periculo
1502 1339 1743 1386 praeterire

386 1394 497 1435 licet.
537 1392 837 1450 Quodcunque
878 1393 1048 1432 animal
1076 1391 1122 1433 id
1150 1390 1494 1447 transgreditur,
1535 1404 1742 1444 procum-

389 1453 444 1491 bit
478 1452 567 1492 illic
608 1452 890 1491 semianime:
932 1449 1050 1507 quod
1079 1455 1115 1490 si
1127 1455 1251 1504 prius·
1283 1463 1414 1506 quam
1451 1448 1737 1499 exanimetur,

393 1511 461 1551 lzis
500 1510 719 1566 tinguatur
747 1513 902 1565 aquis,
927 1509 988 1548 ad
1014 1509 1197 1549 salutem
1228 1508 1373 1556 redit,
1395 1508 1524 1558 facto
1559 1511 1602 1547 in
1619 1507 1740 1547 cani-

389 1569 465 1608 bus
504 1582 638 1622 saepe
666 1567 876 1621 periculo.

168 1663 190 1687 Α
212 1662 216 1666 .
237 1660 263 1685 ni
286 1659 366 1685 Suda—
448 1626 601 1667 Parum
617 1624 668 1665 ab
689 1625 848 1664 Aniano
866 1624 954 1663 lacu
977 1624 1171 1665 immensa
1189 1632 1443 1666 vetustorum
1462 1621 1740 1663 aedificiorum

192 1670 314 1722 ‘'azor—ia.
385 1693 602 1741 supersunt
617 1682 778 1735 rudera,
795 1682 834 1721 in
852 1681 1000 1737 quibus
1018 1681 1152 1736 plures
1174 1680 1340 1722 cretacei
1361 1681 1400 1720 in
1419 1679 1621 1736 parietinis
1653 1681 1740 1721 tubi

379 1743 653 1784 adservantur.
685 1738 937 1780 Huiusmodi
968 1738 1147 1780 aedificia
1185 1739 1398 1788 Thermae,
1425 1739 1485 1780 vel
1509 1737 1738 1792 Sudatoria,

378 1800 440 1841 vel
472 1797 668 1840 Calidaria
704 1797 769 1854 (ι)
803 1812 885 1841 esse
917 1796 1346 1853 existimantur‚quae
1377 1807 1471 1837 sunt
1503 1797 1612 1838 iuxta
1634 1797 1742 1839 viam

378 1858 654 1900 Puteolanam.
689 1857 747 1898 Re
779 1870 872 1896 sane
904 1869 995 1897 vera
1025 1858 1238 1912 scriptores
1270 1869 1412 1897 omnes
1448 1855 1536 1896 heic
1572 1853 1746 1896 celebres

477 2059 539 2109 (ι)
564 2059 644 2096 Hoc
679 2069 754 2096 erat
791 2059 1039 2104 Calidarfflm,
1066 2060 1124 2095 vel
1150 2060 1270 2108 potius
1303 2057 1517 2095 ‘aedificium
1540 2086 1551 2103 ‚
1600 2059 1638 2095 in
1671 2072 1745 2109 quo

377 2122 437 2158 per
465 2110 570 2146 tubos
595 2110 687 2146 bene
714 2110 901 2159 dispositos
929 2121 1075 2159 vapores
1102 2108 1417 2146 distribuebantur
1444 2108 1594 2145 diversis
1624 2108 1660 2144 in
1689 2123 1749 2147 ca-

377 2161 483 2195 meris
509 2159 553 2195 ad
581 2159 851 2198 advenientium
879 2167 1104 2209 aegrotorum
1133 2172 1240 2216 usum
1263 2172 1273 2193 :
1303 2160 1373 2196 boc
1419 2156 1747 2208 praeclarissimum

378 2221 454 2245 esse
481 2208 608 2246 debuit
651 2222 736 2258 prae.
779 2219 997 2255 recenti,1n
1042 2224 1115 2260 quo
1157 2222 1215 2252 vix
1261 2222 1358 2246 nunc
1404 2207 1590 2246 commoda
1631 2212 1745 2260 aegris

375 2259 704 2297 subministrantur.
