1920 2579
337 144 391 182 36

333 213 460 248 men,
496 205 535 238 et
566 203 695 237 cretae
733 207 858 250 genus
892 193 1098 251 optimum
1133 193 1347 251 quondam
1386 191 1666 239 'effodiebam
1691 231 1707 249 ,

330 256 446 314 quod
475 255 574 297 alica
610 255 881 296 commixtum
904 284 917 303 ,
940 253 1061 296 edulii
1090 268 1215 309 genus
1256 254 1396 295 album
1416 286 1428 304 ,
1457 265 1496 296 et
1518 265 1711 297 tenerum
1768 300 1780 302 ,

326 315 582 372 praestabat,
614 313 810 368 quodque
841 327 908 352 zea
927 344 942 363 ,
980 323 1020 353 et
1047 323 1153 354 creta
1176 344 1189 362 ‚
1224 312 1285 352 vel
1308 328 1436 369 gypso
1455 345 1465 365 ‚
1502 313 1565 353 vel
1607 316 1718 354 lacte*

327 373 620 416 conficiebatur
642 403 654 420 ,
686 386 770 427 quo
803 370 1021 412 candorem
1054 371 1317 413 conciliaret:
1355 371 1396 411 id
1458 371 1575 427 quod
1629 374 1716 414 Au-

327 443 466 488 gustus
499 432 540 472 in
571 429 723 470 deliciis
756 428 942 472 habebat.
980 429 1088 471 Hinc
1107 432 1335 485 Imperator
1352 429 1564 485 persoluto
1612 433 1721 472 Nea-

331 491 539 548 politanae
562 487 809 542 reipublicae
840 503 1076 530 annuorum
1109 501 1263 529 20000.
1301 487 1358 531 H.
1397 489 1438 528 S.
1476 487 1611 544 pretio
1649 489 1724 528 lios

333 551 456 591 colles
486 547 646 589 coemit.
693 545 845 587 Plinius
877 549 985 590 Hist.
1019 548 1167 587 Natur:
1208 545 1274 586 lib.
1302 545 1464 587 XVuI.
1496 560 1530 587 c.
1557 545 1593 585 ΙΙ
1625 561 1727 587 cum

333 609 456 650 alicae
489 605 677 647 omniurn
715 604 1049 658 probatissimae,
1079 618 1184 660 quae
1220 617 1242 642 a
1284 601 1509 657 Campanis
1562 602 1691 645 fiebat
1717 622 1733 654 ‚⁷

336 665 511 710 modum
533 695 545 714 .,
579 673 618 704 et
649 663 852 703 rationem
885 661 1210 718 praescriberet,
1245 660 1346 701 haec
1382 660 1467 701 ait:
1504 661 1728 714 Postea,...

340 725 607 768 admiscetur·
636 730 786 770 creta,
824 734 936 777 quae
975 721 1128 760 transit
1180 724 1225 760 ia
1267 732 1425 773 corpus
1441 751 1457 770 ,
1498 721 1732 764 color-enm

341 797 426 841 qne
448 813 460 834 ‚
494 789 534 821 et
567 783 833 820 teneritatem
868 777 1010 834 affert.
1047 777 1281 819 Invenitur
1319 778 1426 818 haec
1464 781 1509 818 in
1567 780 1732 818 Puteo-

341 845 437 892 los,
471 848 512 880 et
547 836 785 894 Neapolim
806 866 817 888 ,
853 837 897 877 in
934 836 1044 877 colle
1082 836 1342 892 Leucogaeo
1361 836 1597 892 appellato.
1622 834 1723 875 Ex-

345 910 488 957 tatque
525 896 618 936 divi
653 897 835 953 Augusti
867 893 1117 944 decretum,
1154 908 1238 952 qao
1276 908 1428 934 annua
1446 894 1606 935 vicena
1627 893 1722 933 mil-

347 959 408 1000 lia
441 955 745 1009 Neapolitanis
766 967 850 1007 pro
892 967 943 993 eo
989 956 1212 994 numerari
1249 951 1372 992 iussit
1408 967 1432 991 e
1463 952 1574 1000 fisca
1609 966 1723 999 suo,

351 1013 578 1059 Coloniam
611 1012 828 1054 deducens
869 1010 1082 1064 Capuam.
1116 1009 1377 1066 Adiecitque
1416 1024 1595 1050 causam
1627 1007 1729 1064 affe-

351 1072 506 1122 rendi,
549 1076 752 1129 quoniam
792 1077 1035 1125 negassent*
1059 1066 1306 1122 Campani,
1355 1068 1518 1109 alicam
1570 1065 1735 1120 confici

353 1138 446 1175 sine
481 1143 532 1170 eo
568 1129 743 1170 metallo
777 1139 926 1182 posse.

475 1188 790 1233 Fuissessautem
840 1183 1013 1229 eandem
1062 1184 1212 1227 alicam
1261 1184 1430 1227 maximi
1480 1183 1744 1227 aestimatam

357 1251 509 1294 scimus
543 1263 591 1290 ex
622 1246 792 1290 recitata
828 1244 948 1286 Plinii
981 1244 1222 1287 auctoritate
1253 1242 1474 1292 narrantis,
1496 1245 1738 1300 Augustum

359 1311 403 1352 in
433 1306 569 1365 pretio
601 1305 794 1347 habuisse
819 1336 832 1355 ,
865 1304 933 1361 qui
965 1301 1251 1359 Neapolitanis
1300 1301 1521 1358 quotannis
1569 1317 1591 1342 e
1641 1299 1743 1339 fisco

361 1382 436 1410 suo
471 1364 631 1421 argenti
663 1378 868 1406 summam
903 1359 1159 1418 persolverit.
1194 1362 1369 1402 Vossius
1402 1373 1500 1402 vero
1534 1357 1592 1401 sic
1625 1355 1673 1398 de
1696 1366 1746 1396 ea

363 1424 507 1469 scribit
539 1422 777 1478 Etymolog.
812 1419 935 1462 Alica
967 1416 1154 1473 potionis
1188 1431 1351 1474 genus,
1403 1420 1512 1473 quod
1573 1415 1744 1458 Graece

366 1493 506 1542 χόνδρος
528 1518 539 1537 ,
574 1496 634 1522 ex
660 1495 743 1534 quo
789 1478 961 1521 Arabes
1011 1485 1210 1530 corrupte
1232 1476 1391 1526 fecere
1425 1490 1548 1516 snum
1572 1472 1738 1515 canda-

369 1545 540 1587 rusium.
577 1538 648 1581 Fit
681 1553 710 1578 e
741 1552 847 1579 zeae
886 1536 1031 1589 specie
1053 1564 1063 1583 ‚
1098 1547 1212 1589 quae
1246 1533 1401 1567 δίποκκοὸ
1441 1532 1598 1573 dicitnr
1623 1561 1635 1578 ‚
1686 1539 1746 1568 te-

370 1613 434 1644 ste
468 1596 729 1641 Dioscoride
762 1605 843 1639 etc·
894 1593 987 1635 Hoc
1033 1590 1158 1633 etiam
1203 1590 1326 1632 modo
1380 1587 1523 1630 definit
1571 1588 1749 1628 Pitssscus

379 1659 606 1703 Dictionar.
640 1654 809 1711 Antiqq.
843 1653 963 1693 Rom.
999 1652 1059 1692 Ex
1091 1647 1225 1692 verbis
1256 1649 1383 1705 igitur
1413 1646 1565 1689 horum
1604 1653 1751 1688 aucto-

379 1734 473 1761 rum
506 1714 610 1758 nihil
641 1711 752 1755 aliud
783 1709 1006 1768 significari
1039 1705 1230 1758 videtur,
1263 1722 1388 1764 quam
1406 1703 1578 1747 eandem
1599 1704 1754 1746 alicam.

382 1771 468 1820 esse
500 1776 632 1833 ipsam
652 1806 666 1823 ‚
699 1786 824 1828 quam
855 1768 927 1811 alii
958 1765 1186 1810 Cervisiam
1219 1765 1354 1807 dixere
1375 1795 1387 1814 ,
1418 1778 1577 1819 nempe.
1604 1762 1716 1802 birra
1740 1791 1754 1810 ‚

383 1833 494 1893 quod
524 1831 704 1890 potionis
733 1842 864 1886 genus
898 1842 945 1869 ex
977 1839 1106 1881 aqua,
1136 1833 1259 1881 atque
1290 1820 1505 1879 frugibus,
1540 1830 1610 1862 aut
1663 1818 1754 1861 aliis

384 1894 559 1937 efficitur
587 1890 723 1932 rebus·
758 1887 912 1929 Plinius
946 1882 1112 1926 tandem
1143 1883 1302 1934 scribit,
1325 1879 1495 1925 eandem
1511 1879 1632 1922 fuisse
1658 1890 1756 1920 con-

384 1952 533 1996 sectam
569 1949 697 1991 tribus
732 1947 884 1989 farinae
918 1940 1133 2001 generibus
1154 1973 1167 1992 ,
1200 1956 1374 1997 eamque
1406 1940 1617 1995 placentae
1664 1946 1758 1990 spe-

386 2011 493 2054 ciem
526 2008 649 2051 fuisse
670 2039 682 2057 ‚
716 2021 840 2064 quam
870 2013 1026 2047 veteres
1058 1998 1186 2043 etiam
1226 2001 1348 2042 melle
1367 2030 1382 2049 ,
1409 1996 1590 2053 'aliisque
1638 1992 1760 2034 rebus

388 2070 604 2112 efformare
637 2071 948 2108 consueverant.
980 2057 1141 2100 Videsis
1174 2058 1372 2101 Iacobum
1404 2052 1664 2101 Castellium,
1689 2050 1760 2107 qui

394 2127 609 2172 materiam
639 2124 748 2167 hanc
780 2123 867 2165 fuse
900 2127 1049 2162 tractat
1078 2115 1196 2173 epist.
1229 2115 1278 2158 ad
1298 2111 1540 2158 Bernardin.
1560 2109 1761 2153 ”saturum

393 2201 490 2244 pag.
524 2189 578 2239 76
611 2193 651 2225 et
683 2197 794 2241 seqq.

162 2249 263 2275 ΝΜ
287 2246 391 2272 Mum·
509 2247 569 2285 Ex
599 2240 743 2284 iisdem
774 2240 950 2285 collibus
981 2237 1167 2280 defluunt
1199 2230 1425 2287 Leucogaei
1457 2230 1588 2271 fontes
1609 2259 1621 2278 ,
1669 2224 1760 2268 vut-

166 2285 226 2319 gaci
240 2304 248 2318 ‚
263 2289 286 2308 et
301 2283 392 2309 Oliba—

260 2328 318 2353 nus2

398 2318 453 2362 go
485 2302 510 2346 2'
525 2300 685 2357 Aequa
715 2299 781 2342 de'
801 2297 1047 2344 Pisciarelli
1071 2328 1082 2348 ‚
1113 2295 1183 2353 qui
1203 2302 1303 2337 teste
1336 2287 1482 2335 eodem
1502 2286 1635 2331 Plinio
1659 2283 1763 2326 Hist.
