1920 2579
1433 156 1446 182 Ι
1487 148 1508 186 3

138 205 218 247 fuit
250 204 290 245 in
328 216 425 256 agro
458 200 595 241 Setino
627 200 737 240 iuxta
770 196 938 253 paludes
968 195 1237 253 Pomptinas,
1291 207 1329 238 et
1377 213 1424 239 eo
1456 159 1515 244 θῇ]

135 256 263 314 loeo,
302 261 371 301 ubi
406 259 557 300 dicitur
586 258 630 298 ,il
669 256 887 298 Casarillo
921 256 970 297 di
1007 256 1053 298 S.
1087 256 1238 299 ,Uaria
1270 256 1375 299 inter
1416 259 1514 317 lapi.

135 321 232 364 dem
271 319 421 362 XLIII.
453 328 494 359 et
524 316 674 359 XLIV.
699 317 810 355 iuxta
841 314 1042 356 Antonini
1073 314 1367 372 Odeporicurn.
1388 320 1512 374 Appii

136 383 296 422 Forum
328 377 407 419 suit
437 375 654 418 conditum
700 373 806 415 circa
838 388 993 415 annum
1045 372 1097 414 ab
1127 377 1183 417 V.
1218 374 1264 416 C.
1297 375 1517 421 CCCXIIL²

136 438 191 480 ob
223 435 386 480 Claudii
405 434 528 491 Appii
548 433 789 474 memoriam
820 446 938 488 super
972 432 1141 474 eandem
1176 435 1295 476 viam.
1318 433 1515 480 Eiusdem

135 497 215 539 loci
247 495 427 538 occurrit
456 491 609 534 mentio
652 492 693 531 in
728 490 901 532 Actibus
933 490 1225 547 Apostolorum
1261 509 1295 535 c.
1330 499 1383 537 28
1419 512 1513 538 cum

139 555 312 597 Romam
344 552 507 593 advenit
535 553 586 591 D.
634 551 783 592 Paulus
812 549 993 605 gentium
1027 550 1196 593 Doctor.
1228 552 1424 595 Horatius
1457 556 1517 594 in-

138 615 258 656 terim
292 612 307 669 (
340 611 399 651 >uti
432 619 542 665 patet
574 609 594 664 )
632 609 763 665 parvis
796 607 1007 649 incedebat
1042 608 1254 652 itineribus
1277 642 1288 663 ,
1332 623 1369 653 et
1403 612 1516 668 pedi.

138 671 216 713 bus
246 671 363 712 illum
403 668 545 709 Roma»
568 667 799 723 profectum
846 681 928 709 esse
960 682 1089 725 usque
1136 667 1187 709 ad
1236 685 1331 712 eum
1378 672 1515 715 locum

138 740 325 789 putatur.
360 730 424 770 En
457 736 503 767 ut
534 726 618 784 ipse
653 725 738 767 ait:

259 847 357 888 Hoc
410 846 489 886 iter
537 844 692 902 ignavi
726 842 977 896 divisimus,
1009 844 1138 886 altius
1175 858 1230 886 ac
1261 860 1343 889 nos

259 904 534 947 Praecinctis
566 917 717 945 unum:
740 907 881 945 minus
913 912 977 945 est
1005 902 1153 962 gravis
1185 902 1332 960 Appia
1364 906 1515 950 tardis.

141 1022 255 1064 Idem
292 1021 501 1062 stomacho
549 1021 701 1062 bellum
735 1017 877 1060 indixit
906 1028 1074 1076 propter
1117 1034 1264 1077 aquam
1285 1052 1300 1072 ,
1337 1038 1442 1079 quae
1472 1039 1518 1067 eo

138 1080 216 1124 loci
247 1081 482 1137 Pomptinas
514 1080 568 1121 ob
607 1077 774 1136 paludes
806 1077 940 1138 dubio
967 1077 1110 1136 procul
1143 1089 1226 1120 erat
1257 1083 1442 1137 pessima.

199 1197 287 1239 Hic
320 1210 400 1253 ego
432 1205 615 1251 propter
645 1209 824 1253 aquam,
842 1193 963 1252 quod
991 1203 1085 1236 erat
1119 1196 1353 1246 teterrima,
1380 1200 1516 1240 ventri

201 1255 356 1298 Indico
389 1255 564 1295 hellam.

141 1373 268 1414 Paulo
299 1382 390 1428 post
423 1381 640 1412 nautarum
678 1370 859 1411 convicia
881 1380 996 1426 poeta
1029 1384 1124 1412 cum
1158 1372 1280 1414 servis
1311 1371 1519 1424 describit,

140 1432 213 1487 qui
245 1430 355 1470 haud
390 1442 571 1485 unquam
604 1428 981 1479 contenti,multos
1014 1431 1055 1471 iu
1086 1444 1229 1470 navem
1264 1431 1522 1486 excipientes,

139 1499 178 1528 et
212 1488 556 1545 praetereuntium
589 1485 771 1544 periculo
820 1486 862 1528 id
894 1485 1139 1529 efficiebant.
1175 1488 1240 1530 Eo
1272 1488 1347 1529 loci
1383 1489 1517 1530 Hora-

140 1547 220 1587 tius
250 1547 428 1603 Appiam
462 1544 567 1586 viam
598 1545 773 1586 deseruit
807 1560 1026 1602 parumper
1048 1577 1061 1596 ,
1093 1556 1132 1586 et
1164 1547 1315 1588 vicinos
1349 1559 1523 1602 praeter-

140 1606 325 1660 navigare
360 1607 468 1645 lacus
505 1603 570 1662 (1)
607 1604 685 1645 fuit
714 1614 875 1645 coactus
899 1635 911 1654 ,
941 1605 1012 1661 qui
1045 1615 1139 1645 sunt
1172 1605 1280 1646 iuxta
1311 1607 1488 1661 Appiam
1512 1626 1523 1647 .-

241 1740 301 1790 (ι)
328 1742 382 1777 Ex
409 1741 584 1778 Strabone
610 1742 674 1778 lib.
708 1743 754 1777 V.
786 1743 923 1792 Geogr.
954 1750 1178 1792 compertum
1220 1743 1398 1781 habemus
1428 1774 1436 1789 ,
1480 1749 1521 1782 ἰὼ

139 1794 282 1827 Anxure
309 1791 409 1827 haud
437 1792 587 1841 procul,
617 1805 659 1829 ex
687 1806 763 1842 quo
792 1793 870 1829 loco
900 1795 1011 1829 viator
1038 1795 1191 1829 Romam
1220 1795 1519 1843 pergelmt,iuxta

140 1842 231 1877 viam
260 1842 413 1890 Appiam
442 1844 590 1891 longam
618 1853 823 1878 excavatum
850 1843 959 1879 fuisse
993 1844 1122 1879 fossam
1146 1872 1156 1887 ‚
1195 1857 1285 1892 quae
1316 1845 1517 1881 vicinarum

140 1891 333 1941 paludium
361 1890 638 1941 Pomptinarum
668 1905 780 1941 aquas
809 1893 1006 1941 excipiebat
1035 1903 1045 1937 ’,
1092 1900 1125 1927 et
1154 1906 1214 1941 per
1241 1893 1335 1929 hanc
1365 1896 1519 1932 viatores

141 1947 251 1977 noctu
282 1954 412 1977 navem
440 1942 747 1986 conscendebant,
777 1943 930 1991 Appiam
957 1943 1226 1992 relinquentes,
1255 1955 1346 1992 quae
1376 1944 1522 1981 fortasse

141 1993 191 2027 ibi
218 1991 313 2026 haud
341 1992 526 2028 commoda
556 1999 642 2028 erat.
673 1993 768 2031 Haec
796 1993 1000 2042 Geographi
1030 1995 1206 2029 enarratio
1247 2000 1341 2029 recte
1370 2008 1521 2030 concor-

141 2042 203 2076 dat
229 2054 311 2077 cum
341 2042 399 2077 illa
427 2042 590 2088 Horatii⁸‚
610 2044 672 2092 qui
701 2043 777 2079 heic
805 2045 896 2079 viam
927 2043 1095 2092 reliquit,
1117 2056 1188 2091 quo
1218 2056 1348 2081 navem
1377 2044 1523 2080 adscen—

142 2092 255 2128 deret,
285 2093 384 2128 Haec
415 2105 495 2128 vero
524 2092 614 2128 fossa
642 2093 788 2141 longum
818 2093 993 2129 efficiebat
1022 2094 1175 2129 fluvium
1206 2094 1305 2128 iuxta
1333 2096 1487 2143 Appiam
1509 2124 1519 2140 ‚

141 2142 206 2190 qui
235 2142 403 2178 milliaria
433 2143 573 2178 circiter
600 2143 680 2179 XV.
705 2144 975 2180 extendebatur.
1006 2144 1165 2179 Huiusce
1193 2143 1308 2179 fossae
1336 2154 1519 2180 auctorem

142 2193 252 2226 fuisse
278 2194 485 2242 Angustum
515 2200 686 2236 constat,
715 2206 866 2244 eamque
895 2195 939 2229 ab
968 2194 1113 2231 Nerone
1145 2193 1354 2242 productam
1397 2195 1521 2230 auctor

143 2249 195 2277 cst
222 2241 420 2279 Suetonius
449 2244 484 2278 in
515 2243 592 2280 eins
618 2242 702 2279 Vita
730 2257 758 2280 c.
784 2258 822 2294 9.
862 2244 1074 2280 Hodiedum
1110 2244 1154 2280 de
1192 2244 1259 2280 hae
1295 2243 1387 2279 nihil
1424 2244 1523 2279 aliud

147 2291 290 2376 misdi—ti,
318 2306 434 2347 quum
462 2305 574 2343 aquae
604 2293 793 2344 paludium
820 2294 1097 2344 Pomptinarum
1134 2300 1340 2344 stagnantes
1368 2295 1521 2331 eandem

145 2353 210 2390 per
243 2355 250 2376 Ι
282 2352 389 2378 erlsst.

275 2392 321 2434 T.
354 2392 422 2437 H.
1164 2396 1219 2440 25
