1920 2579
151 1013 254 1041 Caieta.

313 147 366 187 52

311 212 482 246 vocatur
516 204 699 246 Traietto
732 201 787 242 sic
820 199 953 241 dictus
984 213 1005 241 a
1035 199 1273 242 traiiciendo
1305 214 1351 242 ex
1382 216 1461 242 una
1493 199 1545 243 ad
1577 195 1672 245 aite-

312 276 399 303 ram
431 261 535 304 Liris
565 263 709 317 ripam.
742 259 854 307 Urbs
886 272 1020 300 eversa
1053 260 1131 300 fuit
1160 265 1273 300 sexto
1306 260 1509 309 Ecclesiae
1533 275 1674 303 saecu·

311 320 380 373 lo,
412 335 538 377 eaque
569 319 728 360 extabat
759 317 893 357 adhuc
927 317 1119 375 Procopii
1151 332 1265 361 aevo.

431 377 718 434 Propinquum
750 390 862 416 mare
894 375 1117 417 hodiedum
1148 377 1360 432 exquisitis
1391 375 1572 418 abundat
1590 391 1682 418 om-

313 451 365 476 ne
397 450 523 490 genus
554 434 764 492 piscibus3
797 433 896 490 q‘uin
929 434 1013 476 imo
1049 434 1332 476 Romanorum
1364 445 1556 490 tempore
1587 437 1686 478 cele-

313 493 540 535 berrimum
571 494 649 535 fuit
680 491 783 534 illud
814 507 952 545 mare,
985 493 1223 548 praesertim
1257 493 1336 534 iliis
1354 492 1554 548 piscibus,
1575 507 1680 549 quos

314 554 488 595 locustas·
517 561 696 604 vocant,
732 564 881 607 eaeque
912 560 1028 591 tanto
1059 551 1170 592 fuere
1200 548 1241 592 in
1275 552 1438 608 pretio,
1472 561 1517 592 ut
1535 552 1683 593 Boma-

311 625 463 652 norum
495 609 803 652 luxuriosissimi
849 608 959 650 hisce
1006 610 1151 664 iugiter
1194 619 1483 651 vescerentur:
1535 624 1687 667 eaeque

311 666 646 719 Smirnensibus,
684 666 1054 722 Alexandr-imisque
1091 681 1235 724 sapore
1268 666 1536 724 praestabant.
1571 668 1685 709 Mar-

309 726 415 769 tialis
445 727 512 767 lib.
546 726 666 769 XIII.
701 727 780 781 Ep.
815 725 869 765 86
902 726 1066 780 squillas
1096 725 1221 780 pisces
1237 734 1534 765 commemorat
1555 724 1597 765 in
1615 727 1685 766 Li·

311 785 345 824 ri
378 798 497 825 amne
528 782 794 824 abundantes.
829 782 968 822 Vicini
1001 792 1161 823 montes
1182 811 1195 831 ,
1226 783 1428 837 collesque
1460 782 1565 825 vinis
1598 797 1685 838 pne-

314 842 425 883 tiosis
457 849 638 892 scatent3
687 839 799 895 iique
829 839 952 880 colles
1000 840 1093 881 satis
1142 839 1194 880 ab
1239 839 1417 896 antiquis
1472 852 1684 881 commen-

311 898 395 941 dati
426 900 567 952 fuere3
614 899 736 940 mitto
780 898 1026 949 Massicum,
1075 898 1323 949 Falernum,
1374 898 1683 953 Gaurumque,

306 972 484 1014 quorum
517 956 757 997 adhucdum
791 964 930 994 manet
961 955 1175 996 memoria.

423 1016 561 1057 Caieta
591 1013 688 1057 urbs
717 1027 738 1053 a
776 1011 950 1053 Formiis
978 1023 1156 1069 quatuor
1191 1012 1329 1054 aberat
1374 1012 1564 1056 milliaria
1615 1029 1687 1054 su·

304 1090 377 1130 per
408 1074 519 1115 viam
560 1073 769 1129 Appiam,
809 1085 830 1109 a
869 1072 1043 1125 Neapoli
1079 1072 1376 1127 quinquaginta
1417 1072 1502 1112 duo
1525 1085 1579 1124 ‚a
1607 1071 1686 1111 Ca-

304 1148 386 1189 pua
427 1133 591 1186 triginta
621 1140 714 1171 tres.
754 1133 787 1168 A
824 1128 1022 1169 Strabone
1043 1129 1109 1170 lib.
1150 1129 1200 1168 V.
1233 1129 1464 1179 asseritur,
1502 1129 1697 1173 Formia-v.

302 1206 397 1232 rum
437 1190 678 1232 fundatores
729 1185 1054 1228 Lacedaemonas
1109 1186 1246 1227 fuisse.
1272 1186 1487 1228 Diodorus
1523 1188 1688 1228 Siculus

304 1249 402 1292 alios
444 1247 580 1289 tradit.
617 1243 817 1300 Virgilius
851 1243 944 1284 AEn-
970 1244 1042 1285 III.
1085 1260 1121 1284 v.
1178 1259 1192 1287 ι
1233 1245 1412 1288 AEneam
1444 1244 1585 1288 amissa
1608 1260 1687 1285 nu-

305 1307 406 1350 trice
439 1307 518 1348 hoe
555 1319 676 1362 super
713 1303 833 1344 litore
864 1299 976 1343 illam
1016 1301 1268 1356 tumulasse,
1310 1319 1361 1346 ex
1411 1304 1578 1361 eiusque
1611 1316 1685 1344 now

302 1368 413 1408 mine
455 1365 638 1406 Caietam
676 1369 954 1416 nuncupatam
1001 1361 1243 1403 fabulatur:

425 1430 483 1464 Tu
516 1438 671 1481 quoque
703 1421 887 1462 litoribus
921 1421 1215 1462 nostrisAEneia
1248 1426 1397 1464 nutrix*
1417 1453 1432 1472 ,

424 1486 635 1525 AEternam
657 1484 828 1521 moriens
844 1481 1016 1530 famani
1038 1480 1183 1521 Caieta
1220 1481 1378 1521 dedisti.

306 1543 426 1584 Hanc
461 1557 557 1585 vero
586 1539 732 1581 urbem
766 1548 858 1577 ante
885 1539 1070 1579 Formias
1092 1536 1354 1578 aedificatam
1375 1536 1558 1593 produnt
1580 1547 1686 1578 non-2

306 1600 441 1653 nulli,
483 1614 652 1655 eamque
694 1610 987 1651 saepenumero
1031 1611 1125 1637 cum
1168 1595 1349 1636 Formiis
1385 1596 1481 1650 ipsis
1506 1596 1688 1635 confun-

307 1659 437 1699 dunt:
481 1668 520 1697 et
554 1668 690 1697 revera
725 1653 883 1694 Tullius
921 1654 972 1694 ad
1015 1654 1139 1693 Attic·
1169 1652 1286 1707 epist.
1322 1668 1343 1693 2
1382 1655 1464 1692 et3
1499 1653 1684 1708 aliquan-

306 1717 359 1758 do
382 1716 650 1758 Formianum
685 1725 762 1769 pro
793 1711 988 1752 Caietano
1008 1710 1244 1767 usurpavit,
1278 1711 1349 1765 qui
1367 1709 1522 1752 ibidem
1542 1711 1679 1751 villam

306 1774 464 1815 habuit.
503 1775 638 1815 Aliam
678 1768 815 1812 villam
864 1769 1093 1809 aedificasse
1127 1768 1346 1808 Tiberium
1382 1770 1684 1823 Imperatorem

306 1849 351 1874 ex
387 1842 533 1890 parte,
569 1830 639 1873 ubi
672 1827 824 1871 dicitur
858 1828 1101 1884 Sper-longa
1144 1842 1192 1867 ex
1232 1824 1452 1866 ruderibus
1489 1840 1596 1881 quae
1623 1840 1684 1866 re·-

307 1902 445 1941 stant,
479 1889 639 1945 liquet:
674 1888 877 1943 aliamque
912 1887 1104 1928 Faustina
1134 1885 1192 1925 M·
1237 1884 1395 1924 Aurelii
1414 1884 1683 1939 Imperatoris

306 1965 408 1991 uxor
438 1949 653 1999 excitavit,
696 1960 823 2002 eaque
839 1944 890 1985 ab
914 1945 1013 1985 urbe
1047 1958 1192 1997 parum
1231 1941 1418 1982 distabat.
1457 1940 1590 1981 Aliam
1628 1940 1681 1980 ab

305 2007 519 2048 Antonino
540 2008 611 2049 Pio
645 2006 895 2062 Imperatore
914 2011 1088 2043 erectam
1107 2015 1157 2041 ex
1175 1997 1309 2055 lapide
1328 1998 1481 2040 ibidem
1514 2009 1681 2055 reperto

306 2065 589 2107 confirmatur·
1519 2072 1521 2074 “

423 2124 469 2164 In
521 2123 674 2165 montis
703 2119 850 2163 vertice
876 2117 1001 2160 turris
1043 2116 1251 2171 adsurgit,
1296 2129 1401 2170 quae
1434 2114 1555 2169 vulgo
1593 2114 1681 2155 Or-

308 2181 432 2223 Zandi
463 2181 612 2222 dicitur
633 2213 648 2233 ,
687 2194 812 2237 quam
837 2175 1041 2219 sexdecim
1068 2188 1198 2215 annos
1238 2184 1331 2217 ante
1369 2172 1580 2214 Christum
1615 2187 1676 2215 ae-

308 2239 510 2281 dificatam
532 2272 548 2291 ,
586 2249 625 2279 et
650 2240 699 2280 L.
739 2237 916 2279 Munatii
956 2234 1098 2276 Planci
1138 2231 1404 2289 sepulchrum
1437 2230 1562 2271 fuisse
1581 2245 1678 2273 con-

307 2308 383 2342 stat
405 2330 416 2349 ,
453 2298 525 2356 qui
561 2297 650 2340 heic
692 2296 827 2340 villam
863 2293 1009 2338 habuit
1053 2291 1381 2336 amoenissimam
1423 2288 1475 2331 ad
1517 2289 1675 2333 montis
