1920 2579
285 131 371 182 278

285 187 479 245 Martyris
513 196 644 228 statua
677 202 724 229 ex
755 201 988 230 marmore:
1023 188 1161 232 eadem
1200 201 1258 232 est
1299 190 1499 249 insculpta
1551 192 1659 235 iuve-

285 244 357 286 nili
391 246 504 285 vultu
538 259 633 286 cnm
667 260 788 300 pat-va
823 248 972 297 mitra,
1021 258 1060 291 et
1107 263 1205 291 naso
1257 248 1484 292 obtrunco
1507 249 1605 292 olim
1640 283 1655 302 ,

286 303 356 345 sed
387 313 522 359 postea
551 304 749 345 restituto.
782 305 1012 362 Stiltingius
1043 307 1144 348 Acta
1179 309 1217 348 S.
1252 308 1335 349 Ian.
1358 319 1396 348 et
1415 311 1505 350 Soc.
1552 301 1655 350 MM.

283 361 402 418 plura
434 372 568 401 narrat
599 361 712 416 qnod
744 362 795 403 ad
829 364 931 403 hanc
965 366 1137 419 pertinet
1171 376 1376 416 statuam,
1427 360 1657 407 cinaeum

286 418 551 460 obtruncum.
584 419 740 460 Eadem
773 436 866 462 vero
900 422 1259 476 Cappuccinorum
1294 425 1409 464 aedes
1441 440 1460 463 a
1515 424 1658 464 funda·

286 478 433 517 mentis
474 477 552 517 fuit
600 478 768 519 excitata
799 495 820 519 a
853 480 1128 537 Neapolitanis
1175 497 1280 522 anno
1326 482 1658 523 MDLXXXIH.

284 535 411 577 Extra
442 535 644 577 Eeclesiae
675 538 826 579 atrium
857 539 934 580 hoc
968 554 1148 582 marmor
1179 541 1328 597 legitur
1354 557 1363 581 :

786 647 906 684 Divo
936 647 1172 684 IANUARIO

501 695 819 745 DIOCLETIAM
849 696 1070 733 SCELERE
1099 698 1439 734 OBTRUNCATO

639 746 704 782 NE
734 746 871 789 QUOD
901 746 1042 782 SACRI
1075 748 1311 784 CORPOfflS

713 797 917 832 CRUORF,
944 798 1218 834 MADUERAT

455 844 626 882 SOLUM
653 846 765 884 SINE
792 847 998 882 HONORE
1027 848 1234 885 DIUTIUS
1264 848 1502 886 MANERET

689 896 1041 933 NEAPOLITANA
1069 899 1261 935 clviTAS

554 946 624 981 ΡΡ.
655 947 785 983 AERE
813 947 856 983 P.
887 946 930 984 F.
959 948 1096 984 ANNO
1124 949 1403 985 MDLXXXIII.

292 1049 337 1090 In
370 1048 456 1103 ipsa
485 1046 664 1095 Ecelesia
697 1058 882 1088 servatur
927 1047 1061 1103 lapis,
1101 1064 1225 1106 quem
1259 1064 1378 1104 supra
1410 1049 1448 1089 S.
1506 1048 1665 1106 Martyr

291 1107 370 1147 fuit
402 1106 667 1147 obtruncatus
687 1137 703 1156 ²
734 1106 801 1145 ubi
835 1105 1054 1147 nonnullae
1086 1107 1187 1147 sacri
1208 1108 1365 1149 cruoris
1386 1106 1513 1148 stillae
1531 1106 1665 1147 adhue

291 1163 580 1220 adspectantur
605 1193 616 1214 ,
647 1178 752 1219 quae
783 1163 897 1204 XIII.
928 1163 1020 1203 Kal.
1053 1164 1202 1205 Octob.
1241 1166 1492 1214 rubescunt,
1531 1175 1568 1204 et
1599 1179 1670 1219 per

288 1231 501 1279 sequentes
534 1220 618 1261 dies
638 1252 650 1270 ,
697 1236 822 1277 aeque
854 1235 899 1260 ae
931 1220 972 1260 in
1007 1221 1109 1262 festo
1143 1223 1451 1264 Translationis.

409 1280 493 1320 Iam
528 1279 706 1319 diximus
745 1278 925 1318 eiusdem
956 1281 1007 1320 Β.
1043 1280 1234 1336 Martyris
1267 1295 1414 1335 corpus
1448 1280 1566 1320 fuisse
1601 1290 1665 1318 tu·

291 1337 493 1383 mulatnm
516 1337 625 1391 apud
658 1338 946 1378 Marcianum:
994 1337 1050 1377 ibi
1082 1338 1192 1387 enim
1225 1338 1302 1378 fuit
1336 1353 1464 1393 usque
1493 1336 1543 1376 ad
1596 1337 1669 1377 IV,

293 1410 458 1450 vergens
490 1393 718 1446 saeculum,
752 1409 898 1450 nempe
929 1393 982 1434 ad
1031 1410 1183 1436 annum
1222 1395 1520 1437 CCCLXXXI.
1549 1394 1672 1435 Patrii

291 1454 506 1509 scriptores
539 1452 715 1493 diversas
751 1463 848 1494 eunt
878 1451 920 1492 in
953 1455 1168 1494 sententias
1200 1454 1309 1494 circa
1341 1455 1493 1509 primae
1540 1455 1673 1494 Tran-

294 1511 474 1554 slationis
505 1511 543 1551 S.
576 1511 749 1552 Ianuarii
784 1521 946 1567 tempus
979 1510 1187 1553 Marciano
1219 1511 1449 1568 Neapolim.
1474 1510 1675 1568 Capacins

293 1571 400 1612 Hist.
434 1571 563 1625 Neap.
592 1569 662 1610 lib.
696 1571 750 1612 11.
784 1585 818 1610 c.
857 1582 908 1612 12
938 1568 981 1609 id
1026 1572 1202 1611 evenisse
1233 1581 1419 1611 autumat
1460 1572 1592 1611 statim
1627 1582 1673 1607 ac

293 1628 571 1678 Diocletiani,
620 1639 658 1668 et
708 1627 945 1668 Maximiani
991 1629 1219 1682 persecutio
1266 1629 1460 1677 cessavit,
1508 1626 1672 1667 sedente

296 1688 335 1728 S.
369 1686 562 1728 Silvestro
593 1686 792 1727 Pontifice
826 1685 1036 1735 Maximo,
1072 1697 1194 1742 atque
1234 1687 1458 1742 imperante
1509 1685 1673 1726 Costan-

296 1747 386 1786 tino
417 1747 603 1797 Magno,
643 1759 813 1800 eamque
855 1742 1178 1785 Translationem
1211 1744 1360 1785 factam
1394 1759 1474 1784 esse
1521 1742 1598 1783 snb
1632 1741 1672 1781 S.

298 1805 447 1847 Severo
478 1802 745 1858 Neapolitano
773 1803 971 1844 Praesule.
1009 1803 1259 1854 Mormilius,
1286 1802 1449 1843 Antich.
1471 1800 1523 1855 dl
1551 1801 1675 1841 Pozz.

298 1877 332 1904 e.
365 1863 391 1904 8
412 1892 423 1913 ‚
455 1860 743 1912 caracciolus,
797 1859 948 1917 Napoli
998 1860 1146 1912 Sacra,
1197 1876 1229 1901 c.
1266 1863 1308 1912 8,
1358 1860 1642 1901 Summontius
1667 1888 1679 1906 ,

296 1921 411 1962 Istor-
444 1917 487 1959 di
517 1917 670 1975 Napoli
699 1919 770 1960 lib.
800 1919 849 1960 ΙΙ.
882 1934 916 1959 c.
956 1929 970 1957 1
1010 1920 1155 1974 aliique
1187 1919 1361 1975 Capacio
1383 1919 1504 1958 etiam
1551 1916 1678 1955 adsti—

300 1979 511 2035 pulantur.
546 1977 691 2033 Reipsa
722 1977 937 2032 scriptores
969 1976 1222 2033 Neapolitani
1259 1991 1398 2018 omnes
1427 1975 1469 2015 in
1503 1974 1672 2015 eandem

300 2034 552 2077 descendunt
577 2036 844 2084 sententiam,
864 2031 1114 2091 eandemque
1143 2034 1468 2076 ‘translationem
1488 2031 1678 2073 accidisse

302 2095 409 2135 circa
440 2108 594 2136 annum
625 2093 931 2136 CCCLXXXI.
966 2095 1150 2134 credunt.
1185 2093 1243 2133 Ea
1289 2108 1384 2136 vero
1430 2092 1562 2133 evenit
1611 2100 1678 2126 Ga·

305 2151 501 2193 thedram
534 2151 841 2208 Neapolitanam
878 2150 1110 2192 moderante
1158 2152 1195 2192 S.
1244 2151 1394 2192 Ioanne
1425 2149 1459 2190 I.
1491 2159 1535 2188 ut
1585 2158 1681 2185 mox

300 2209 522 2252 dicemus:
557 2211 754 2251 Sanctum
790 2211 989 2251 Severum>
1018 2208 1203 2252 nondum
1242 2207 1467 2251 sacerdotio
1491 2206 1682 2247 functum

302 2283 383 2311 esse
415 2282 462 2310 eo
494 2278 675 2326 tempore
709 2277 868 2311 certum
901 2278 969 2310 est.
