1920 2579
364 104 445 144 190

355 150 389 192 I.
420 147 553 191 Malus
587 147 751 188 nomine
772 178 785 197 ,
825 145 1060 189 Gulielmus
1090 147 1139 189 ΙΙ.
1176 150 1344 197 Bonus,
1375 148 1654 204 Tangredius,
1693 159 1732 190 et

358 206 590 248 Gulitlmus
632 207 704 248 lH.
739 210 796 248 At
828 205 1053 261 Imperator
1083 208 1286 248 Henricus
1332 208 1404 248 IV.
1438 208 1623 259 Saevus,
1659 209 1733 262 qui

359 266 645 307 Constantiam
682 264 839 321 Rogerii
876 264 991 321 Regis
1037 265 1162 307 filiam
1212 267 1250 306 in
1302 267 1608 307 matrimonium
1656 267 1733 307 sibi

358 326 598 380 copularat,
647 323 915 378 Neapolitano
963 325 1110 380 Regno
1165 324 1402 367 MCXCW.
1459 325 1533 365 fuit
1568 326 1730 379 potitus.

355 383 613 438 Neapolitani
646 393 744 423 tunc
774 382 849 423 sub
885 384 1113 425 suevorum
1145 383 1376 425 dominium
1415 384 1581 424 fuerunt
1617 383 1732 423 reda-

354 445 420 482 cti.
453 442 560 482 Hinc
594 451 684 497 post
717 442 942 483 Henricum
981 443 1147 483 huiusce
1180 443 1307 495 Regni
1341 442 1516 482 habenas
1547 456 1732 497 suseepe.

355 514 398 539 re
433 500 649 540 Federicus
682 500 731 540 Il.
767 501 1024 552 Imperator,
1062 501 1209 542 deinde
1241 501 1470 550 conradus,
1507 511 1732 555 posteaque

357 558 641 608 Manfreclius,
678 559 741 598 cui
781 558 962 599 ablatum
1002 560 1076 599 fuit
1106 559 1291 613 Regnum
1325 574 1431 599 anno
1458 558 1731 600 MCCLXVI.

354 632 372 655 a
408 616 555 661 Carolo
591 617 622 657 I.
657 617 939 671 Audegavensi
973 618 1012 659 S.
1051 617 1206 672 Aloysii
1237 616 1466 659 Galliarum
1500 617 1613 672 Regis
1653 617 1733 657 fra-

356 685 431 718 tre.
467 675 585 715 Tunc
618 676 749 716 Sicilia
785 675 862 716 fuit
896 675 1027 716 diVisa-
1050 688 1158 716 anno
1193 675 1466 720 MCCLXVI.
1494 684 1532 715 et
1568 677 1605 715 in
1630 677 1732 717 Ava-

359 734 602 787 gonensium
636 735 820 788 pervenit
852 748 1008 776 manus.
1047 734 1223 790 Apuliae
1254 737 1446 789 Regnum
1469 766 1480 784 ‚
1535 733 1596 773 vel
1628 733 1736 774 Nea-

358 790 586 847 politanum
618 791 976 847 Andegavensibus
1018 792 1195 848 parebat.
1242 796 1398 834 Eorum
1450 793 1573 846 Reges
1625 792 1737 832 fuere

358 848 531 890 Carolus
564 850 594 893 Ι,
631 850 804 892 Carolus
836 850 885 891 II.
919 851 1121 893 Robertus
1142 883 1156 903 ‚
1187 862 1226 894 et
1259 852 1411 893 Ioanna
1444 852 1498 893 Π.
1531 850 1642 892 Haec
1659 853 1737 892 Re-

364 909 453 963 gina
490 910 508 961 (
544 908 594 949 de
623 925 703 965 qua
737 909 902 951 historia
937 911 1053 964 plura
1086 922 1253 961 narrat,
1295 926 1389 951 cum
1423 908 1557 951 nullus
1608 909 1643 949 ei
1685 924 1741 950 es-

362 978 421 1007 set
458 966 585 1023 filius)
621 968 882 1024 Alphonsum
915 968 1141 1024 Aragoniae
1173 969 1320 1025 Regem
1342 1000 1352 1020 ‚
1383 969 1540 1011 Siciliae
1561 999 1572 1020 ‚
1604 966 1734 1008 Sardi-

361 1025 533 1081 niaeque
565 1024 786 1080 adoptavit.
803 1029 858 1068 At
889 1028 1009 1083 paulo
1041 1039 1133 1084 post
1163 1043 1257 1069 cum
1279 1029 1317 1068 in
1337 1042 1548 1069 summum
1582 1025 1664 1067 eius
1697 1041 1737 1067 o·

365 1082 478 1124 dium
514 1085 748 1134 incidisset,
785 1086 1000 1140 Aloysium
1050 1086 1383 1141 Andegavensem
1435 1088 1592 1127 Ducem
1642 1085 1740 1125 ado-

369 1141 529 1197 ptavit,
571 1142 643 1196 qui
678 1142 763 1185 fato
796 1143 997 1195 functus,
1052 1145 1241 1198 Regnum
1288 1145 1371 1185 eius
1419 1145 1530 1185 fratri
1586 1144 1740 1185 Renato

364 1199 477 1241 douo
510 1199 635 1242 dedit.
674 1201 770 1241 Post
803 1199 978 1242 loannae
1008 1202 1182 1256 Reginae
1224 1202 1416 1252 obitum,
1466 1203 1538 1256 qui
1590 1201 1741 1242 accidit

366 1268 490 1299 auno·
511 1258 890 1302 MCCCCXXXV.
922 1260 1158 1316 Alphonsus
1190 1276 1316 1316 regno
1351 1261 1618 1317 Neapolitano
1663 1260 1743 1301 fuit

367 1318 544 1370 potitust
577 1316 671 1357 inde
701 1316 901 1373 longum,
934 1329 1260 1375 perpetuumque
1293 1318 1445 1360 bellum
1465 1350 1478 1368 ,
1510 1319 1624 1375 quod
1645 1333 1740 1359 cum

368 1373 525 1416 Renato
558 1375 676 1429 gessit
695 1406 706 1428 ‚
738 1391 810 1432 per
841 1390 935 1417 suos
964 1391 1212 1418 successores
1243 1377 1320 1419 fuit
1351 1387 1573 1418 extensum.

488 1433 576 1474 LII.
633 1434 730 1476 Post
761 1433 1025 1490 Alphonsum
1062 1434 1194 1476 Sicilia
1231 1435 1364 1477 fratris
1395 1436 1556 1476 Ioannis
1587 1437 1743 1490 Arago-

369 1491 458 1533 niae
490 1492 607 1545 Regis
641 1491 681 1532 in
715 1503 960 1548 potestatem
991 1493 1164 1545 cecidit,
1209 1505 1250 1536 et
1281 1493 1554 1550 Neapolitano
1602 1495 1743 1548 Regno

368 1551 447 1591 fuit
479 1549 713 1590 dominatus
745 1551 1026 1592 Ferdinandus
1059 1552 1089 1592 I.
1124 1552 1218 1593 inde
1254 1552 1489 1608 Alphonsus
1522 1552 1569 1592 Ii.
1601 1564 1739 1608 postea

370 1607 652 1650 ferdinandus
685 1609 735 1649 II.
769 1619 808 1649 et
840 1610 1003 1650 tandem
1055 1610 1281 1651 Federicus.
1321 1605 1604 1651 Ferdinamhis
1634 1611 1744 1651 dein-

369 1667 419 1706 de
468 1667 703 1716 Cztthol-icus
758 1669 982 1721 Aragoniae
1015 1667 1097 1708 Rex
1134 1684 1228 1710 cum
1262 1668 1473 1710 Ludovico
1506 1669 1627 1710 simul
1646 1669 1742 1711 ΧΠ.

371 1724 597 1766 Galliarum
638 1723 743 1779 Rege
781 1725 1097 1781 Neapolitanum
1145 1728 1356 1782 occupavit
1403 1729 1585 1781 Regnum
1633 1742 1743 1771 auno

371 1783 493 1824 MDI.
532 1793 569 1822 et
621 1788 741 1838 paulo
791 1794 884 1840 post
915 1784 1043 1826 Gallis
1081 1785 1214 1826 eiectis
1266 1786 1426 1829 MDIV.
1465 1785 1620 1827 Siciliae
1668 1787 1746 1828 fuit

372 1841 625 1882 adiunctum.

492 1899 601 1940 LIII.
639 1900 836 1942 Successit
866 1900 1039 1943 Carolus
1089 1902 1140 1942 V.
1174 1918 1281 1944 anno
1327 1904 1528 1946 MDXVI.
1575 1907 1745 1947 Germa-

373 1972 521 1999 norum
556 1958 807 2013 Imperator,
858 1959 965 2001 filius
1002 1960 1251 2002 Ferdinandi
1283 1962 1430 2017 Regis:
1478 1975 1565 2020 post
1612 1965 1746 2020 ipsum

374 2016 576 2059 dominati
608 2017 721 2058 fuere
742 2018 969 2075 'Hispaniae
996 2018 1121 2074 Reges
1152 2035 1399 2063 successores
1433 2023 1643 2079 Philippus
1673 2023 1710 2064 II
1731 2054 1744 2071 ‚

374 2074 586 2130 Philippus
618 2075 691 2116 ΙΙΙ.
727 2076 938 2133 Philippus
976 2076 1049 2119 IV.
1084 2088 1122 2118 et
1155 2078 1327 2120 Carolus
1360 2080 1411 2124 lI.
1445 2083 1515 2137 qui
1547 2097 1641 2121 cum
1665 2081 1751 2121 nul<

375 2132 461 2172 luni
495 2131 658 2174 haberet
690 2134 822 2175 filium
855 2135 957 2176 circa
994 2150 1149 2178 annum
1188 2138 1346 2180 MDCC
1379 2155 1546 2195 regnum
1578 2139 1631 2180 ad
1664 2142 1751 2181 Au-

375 2200 482 2230 stros
516 2191 698 2244 transiit,
733 2202 773 2233 et
811 2203 901 2248 post
932 2193 1131 2236 XXXlV.
1170 2211 1301 2237 annos
1351 2197 1392 2238 in
1442 2196 1749 2241 Borhoniorum

379 2250 562 2307 pervenit
596 2264 738 2292 manus
770 2265 881 2294 nuuc
912 2251 1082 2298 feliciter
1116 2255 1396 2310 regnantium.
