1920 2579
1417 130 1499 170 215

129 207 251 249 eaqua
287 191 428 233 fiscum
462 189 662 241 donavit,
696 198 740 229 ut
772 188 909 229 scribit
941 185 1195 244 Capitolinus
1228 185 1268 226 in
1301 186 1385 227 eius
1419 187 1498 227 Vi-

132 260 182 291 ta.
216 248 444 306 Imperator
475 249 712 292 Antoninus
766 257 947 289 mortuos
997 248 1100 287 intra
1152 243 1296 286 urbem
1344 243 1503 300 sepeliri

128 307 258 352 vetuit
320 307 383 350 lex
412 309 491 349 lata
525 309 642 348 etiam
675 305 726 347 ab
757 304 1079 361 Imperatoribus
1122 304 1377 345 Diocletiano
1398 334 1410 353 ‚
1463 312 1501 343 et

128 366 409 419 Maximiano,
441 381 492 408 ne
522 367 737 423 quisquam
768 365 808 404 in
844 365 943 406 urbe
972 362 1241 421 sepeliretur:
1274 361 1369 402 hine
1401 361 1498 417 legi-

130 434 198 465 tut·
225 438 235 464 ε
268 424 544 466 Mortuerum
575 423 814 482 reliquias,
851 438 906 464 ne
939 432 1134 465 sanctum
1176 421 1498 476 mancipiorum

131 487 197 523 ius
227 483 479 537 polluatur,
523 484 636 524 intra
667 482 888 524 civitatem
922 481 1087 531 condi,
1119 480 1385 534 iampridem
1432 493 1500 523 ve-

131 544 250 581 titum
282 553 357 582 est.
396 542 698 584 Kirekmanuus
729 540 791 581 De
823 540 977 584 Funer.
1011 537 1133 581 Rom.
1169 538 1242 582 lib.
1294 538 1414 581 XIII.
1465 553 1504 580 e.

132 601 181 639 13
214 598 323 639 haud
353 598 539 641 obstante
570 599 847 656 antiquissima
879 600 979 654 lege,
1015 597 1283 640 nihilominus
1316 597 1501 653 aliquan·

127 654 181 696 do
211 655 416 700 Romanos
448 672 541 700 suos
573 669 758 700 mortuos
787 658 894 699 intra
928 657 1074 700 urbem
1106 654 1328 699 tumulasse
1347 656 1502 706 scribit3

128 714 206 756 hoe
239 717 399 758 nonnisi
431 717 526 758 viris
559 714 850 767 nobilissimis,
883 715 945 758 vel
979 716 1029 758 de
1059 717 1191 773 patria
1223 713 1382 772 optime
1412 729 1501 757 me-

127 772 214 814 ritis
243 788 481 817 concessum
513 775 605 818 fuit.

242 834 420 876 Romani
451 833 573 890 igitur
603 832 764 876 nullum
796 832 903 874 iutra
935 833 1081 876 urbem
1114 829 1181 890 (ι)
1235 829 1504 884 condebant,

127 890 199 932 sed
229 902 368 933 extra:
402 907 447 935 ea
480 892 680 950 sepuchra
711 892 875 934 nonnisi
907 908 1026 949 supra
1060 891 1145 934 vias
1176 889 1362 948 publicas
1392 889 1503 932 aedi-

125 949 284 992 ficanda
316 953 426 1006 apud
458 952 566 1009 ipsos
595 951 638 993 in
671 964 784 993 more
833 951 913 993 fuit
947 952 1145 1009 positum.
1193 949 1303 991 Hinc
1355 950 1506 990 scimus

225 1137 281 1186 (ι)
309 1138 423 1188 Supra
451 1138 607 1174 diximus
633 1138 815 1176 Romanos
843 1137 939 1188 apud
967 1137 1194 1179 usuvenisse,
1232 1136 1416 1171 neminem
1446 1138 1504 1172 in—

126 1197 177 1223 tra
194 1188 318 1223 urbem
345 1189 502 1237 sepeliri,
522 1188 584 1226 sed
614 1199 727 1226 extra.
755 1190 850 1225 Hine
875 1196 1098 1224 mortuorum
1115 1185 1284 1222 cadavera
1303 1186 1505 1223 humabaut

128 1248 191 1273 aut
219 1237 316 1273 iuxta
343 1238 504 1287 publicas
531 1242 606 1276 vias
627 1266 637 1283 ,
662 1250 725 1276 aut
753 1242 790 1276 in
818 1240 912 1288 agris
938 1239 1069 1286 apertis
1096 1243 1194 1273 extra
1220 1235 1344 1284 opida.
1390 1237 1502 1274 Prae-

127 1296 181 1322 ter
208 1294 260 1323 tot
286 1287 474 1336 sepulchra
492 1315 505 1333 ‚
530 1302 624 1340 quae
651 1291 788 1340 ubique
826 1296 1001 1325 terrarum
1047 1294 1202 1330 restant,
1235 1285 1390 1335 Neapoli
1413 1315 1425 1333 ,
1464 1294 1507 1322 ut

128 1336 261 1372 Graeca
289 1338 377 1373 urbe
405 1337 462 1374 hic
490 1341 594 1376 etiam
625 1353 701 1376 mos
727 1340 797 1376 fuit
823 1346 995 1375 servatus.
1026 1339 1158 1374 Extant
1187 1336 1308 1372 adhuc
1355 1337 1391 1371 in
1421 1336 1506 1373 Vir-

128 1387 253 1435 giuum
281 1388 452 1424 suburbio
475 1417 484 1433 ‚
514 1388 612 1439 apud
640 1389 678 1426 S.
708 1391 863 1426 Mariam
890 1388 936 1424 ad
962 1389 1100 1433 Vitam,
1127 1388 1164 1423 S.
1189 1387 1342 1423 Mariam
1367 1386 1411 1421 ad
1438 1386 1506 1423 Sa-

130 1436 277 1472 nitatem
297 1463 307 1481 ,
336 1447 371 1472 et
398 1439 492 1487 apud
520 1441 636 1475 vicina
664 1440 740 1475 loca
770 1438 995 1489 sepulclireta
1025 1436 1223 1473 identidem
1250 1444 1407 1486 reperta.
1437 1437 1505 1472 Ce-

129 1485 228 1522 lehre
254 1493 306 1521 est
333 1488 507 1525 Aristonis
535 1496 811 1525 monumentum
841 1489 971 1524 Graeci
997 1487 1143 1537 pueruli
1185 1495 1364 1536 repertum
1409 1499 1504 1524 anno

127 1535 349 1572 MDCCXC.
379 1539 443 1574 sub
489 1540 640 1576 aedibus
668 1539 966 1589 Congregationis
1005 1538 1076 1575 ΡΡ.
1106 1536 1292 1574 Missionis
1339 1535 1375 1571 S.
1418 1537 1508 1572 Vin-

127 1586 233 1621 centii
274 1601 292 1621 a
321 1587 447 1623 Paulo.
475 1590 580 1627 Haud
607 1603 734 1640 parum
765 1602 849 1627 vero
877 1596 947 1633 est,
990 1601 1118 1637 nempe
1143 1600 1236 1624 anno
1279 1586 1500 1623 MDCCCX.

127 1647 247 1672 mense
273 1637 413 1673 Sexstili
442 1654 523 1676 cum
552 1640 732 1677 Graecum
754 1667 762 1683 ,
791 1647 825 1675 et
852 1640 1059 1675 Romanum
1086 1637 1199 1674 simul
1225 1637 1499 1686 sepulchretum

128 1686 454 1725 suite-ruderatum
479 1691 648 1734 cnloco,
678 1703 751 1739 quo
789 1697 912 1726 extant
948 1689 1022 1725 ΡΡ.
1069 1688 1373 1724 Theresianorum
1407 1687 1503 1723 horti

129 1749 238 1785 prope
263 1737 417 1785 Regium
445 1741 611 1777 Museum
630 1739 872 1776 Borbonium.
910 1739 990 1776 Hoc
1017 1738 1279 1788 sepulchretum
1301 1738 1506 1787 antiquissi—

129 1799 228 1821 mum
242 1789 467 1834 existimatur,
486 1801 520 1825 et
538 1804 633 1826 nunc
647 1790 813 1839 temporis
829 1789 918 1826 illud
932 1791 1099 1825 subterra
1116 1795 1234 1833 restat,
1252 1788 1338 1824 dum
1360 1789 1446 1823 olim
1460 1788 1506 1823 ad

129 1837 364 1885 viaeplanum
392 1853 464 1876 esse
493 1841 653 1876 debebat:
684 1847 862 1877 eructatae
891 1839 1102 1876 vulcanicae
1129 1838 1508 1874 materiaeaVesuvio

127 1887 272 1923 sortasse
295 1887 367 1925 loci
393 1891 520 1927 faciem
550 1891 631 1926 heic
659 1897 873 1935 verterunt,
909 1890 1078 1938 illamque
1105 1894 1240 1938 partem
1268 1889 1413 1937 penitus
1441 1901 1507 1938 op-

127 1937 331 1985 pleverunt.
360 1940 438 1976 Hoc
465 1941 733 1989 sepulchretum
762 1948 867 1990 prout
905 1946 1033 1989 patet,
1081 1940 1126 1975 ad
1163 1939 1340 1983 Graecos,
1389 1945 1424 1974 et
1460 1938 1506 1973 ad
1532 1969 1540 1971 t

128 1989 307 2024 Romanos
335 1991 537 2039 pertinuit,
567 2001 607 2028 ut
635 2004 678 2026 ex
709 1991 886 2040 lapidibus
904 2017 915 2034 ‚
943 1997 978 2026 et
1004 1990 1161 2025 nummis
1187 1991 1224 2024 in
1254 2002 1315 2025 ore
1342 1995 1505 2026 mortuo-

131 2052 214 2077 rum
244 2041 390 2088 repertis
415 2042 611 2090 colligitur.
642 2041 698 2077 Cl.
726 2042 949 2078 Iustinianus
977 2039 1014 2076 in
1043 2040 1133 2076 libro
1163 2052 1272 2089 quem
1315 2039 1506 2075 elucubra-

127 2093 180 2127 vit
206 2089 329 2127 Italico
358 2104 520 2128 sermone
537 2121 547 2138 ‚
576 2093 752 2129 Memorie
778 2105 880 2140 sopra
910 2092 921 2128 i
948 2090 1111 2140 Sepolcri
1150 2089 1282 2126 trovati
1311 2090 1507 2126 nell’anno

131 2143 224 2177 1810
246 2141 489 2179 eruditissime
513 2142 603 2179 hanc
630 2143 811 2179 materiam
833 2142 1012 2178 tractavit.
1041 2141 1101 2176 Ex
1113 2140 1169 2177 his
1184 2153 1271 2189 ergo
1286 2140 1381 2176 clare
1398 2139 1506 2175 intel-

129 2191 252 2241 ligitur
270 2217 281 2236 ,
308 2193 405 2241 apud
432 2193 600 2243 antiquos
627 2194 851 2238 usuvenisse,
879 2199 1040 2229 mortuos
1059 2199 1156 2229 extra
1198 2191 1305 2227 urbes
1322 2190 1471 2240 sepelire
1494 2217 1506 2236 .,

125 2254 256 2291 eosque
281 2242 381 2279 iuxta
411 2245 484 2279 vias
512 2244 727 2281 tumulasse.
754 2244 833 2280 Hoc
860 2243 1128 2292 sepulchretum
1157 2242 1258 2279 iuxta
1297 2242 1395 2279 viam
1425 2240 1503 2277 Pu-

125 2296 304 2332 teolanam
331 2294 485 2330 extitisse
510 2296 639 2345 probat
668 2295 765 2333 idem
793 2294 1033 2332 Iustinianus.
