1920 2579
1461 111 1542 153 233

168 182 213 212 ut
245 172 308 213 vix
340 170 523 212 hastatus
573 171 698 212 homo
730 184 851 225 super
895 182 1046 227 equum
1085 168 1253 210 transire
1285 179 1429 224 posset.
1482 173 1540 211 Ea

163 228 427 285 postmodum
460 230 510 270 ab
542 229 755 284 Alphonso
796 230 1023 282 Aragoniae
1054 228 1085 269 I.
1122 226 1227 282 Rege
1256 240 1439 269 excavata
1462 239 1535 280 est,

161 299 201 328 et
229 286 347 329 latior
380 288 551 337 effecta,
584 296 622 327 et
656 287 800 341 passim
832 286 966 327 aditus
1009 301 1182 343 superne
1234 301 1303 341 per
1344 288 1535 327 fenestras

160 345 338 389 adiectus
369 346 538 386 immisis
567 344 790 386 luminibus
811 376 824 396 ,
854 360 938 401 qno
972 345 1192 385 viatoribus
1226 345 1391 386 daretur
1424 346 1497 395 iter
1520 377 1532 397 ‚

163 419 213 444 ne
247 418 317 456 per
349 402 533 444 tenebras
566 414 852 444 commearent·
886 404 1029 445 Petrus
1061 419 1154 444 vero
1187 404 1408 444 Toletauus
1427 404 1534 445 Nea·

163 461 438 517 politanorum
485 464 635 502 Prorex
688 476 782 508 cum
831 462 970 503 urbem
1006 463 1199 503 Puteolos
1238 472 1356 502 motu
1409 473 1535 502 terrae

166 521 310 573 partim
346 519 514 560 excisam
550 530 840 571 restaurasset,
871 522 1056 561 altiorem
1092 520 1218 570 fecit,
1252 531 1291 560 et
1336 521 1537 575 quadrato

162 579 301 618 stravit
348 576 514 633 lapide,
562 588 684 634 atque
730 579 783 619 ita
827 580 951 620 evasit
1003 579 1224 619 viatoribus
1270 579 1536 620 commodior.

162 636 291 677 Adest
324 637 363 677 in
399 648 567 692 cryptae
601 637 733 679 medio
765 639 906 678 Beatae
937 640 1090 679 Mariae
1139 638 1299 692 Virgini
1348 637 1542 680 sacellum.

163 693 372 746 dicatum,
404 694 471 737 ubi
504 694 640 737 lumen
675 697 744 739 diu
779 707 982 753 noctuque
1016 698 1120 736 intra
1172 697 1296 752 ipsius
1344 698 1541 738 caucellos

164 753 309 803 adest,
346 768 428 808 quo
459 754 720 795 commodius
751 755 974 797 viatoribus
1010 755 1082 795 iter
1127 755 1380 795 ostendatur.
1429 757 1541 795 Haec

165 811 327 852 tandem
362 823 503 869 crypta
535 828 557 852 a
588 812 737 853 Gai-olo
771 813 844 854 ΙΙΙ.
875 813 1081 854 Borbonio
1114 813 1400 867 Hispaniarum
1437 814 1540 867 Rege

169 869 246 918 suit
280 869 465 924 pluribus
496 871 535 912 in
571 873 666 911 locis
700 881 919 912 restaurata
943 902 955 921 ,
988 882 1026 911 et·
1059 872 1210 911 iterum
1254 871 1467 912 meliorem
1501 873 1541 911 in

168 936 320 967 statum
353 928 512 970 redacta
542 928 742 970 adiunctis
776 930 909 969 stratis
941 929 1132 969 silicibus.

282 986 390 1024 Ante
423 998 588 1042 cryptae
620 988 842 1040 ingressum
876 1001 921 1026 ex
955 997 1068 1041 parte
1112 986 1255 1040 Plagae
1300 988 1542 1045 Olympicae

165 1042 208 1081 in
243 1041 369 1096 ipsius
401 1047 550 1085 montis
602 1044 820 1085 visceribus
852 1045 999 1084 visitur
1031 1045 1311 1101 aquaeductus
1356 1046 1546 1101 Neapoli-

170 1100 254 1139 tani
286 1115 411 1157 pars,
443 1103 514 1157 qui
567 1118 688 1160 aquas
735 1103 846 1143 Baias
897 1102 1062 1147 ferebat.
1095 1104 1173 1144 Hic
1222 1119 1317 1147 vero
1352 1105 1392 1144 iu
1444 1104 1548 1144 duos

167 1157 448 1213 seiungebatur
482 1176 642 1212 ramos,
676 1163 855 1218 primum
891 1163 963 1218 qui
994 1178 1142 1218 aquam
1179 1163 1443 1220 Pausilypum
1496 1162 1548 1203 ad

168 1217 362 1258 Pollionis
390 1250 401 1270 ‚
432 1230 471 1259 et
501 1221 660 1261 Luculli
697 1219 837 1261 villas:
873 1223 972 1261 alter
1004 1222 1076 1278 qui
1096 1223 1285 1263 Puteolos
1319 1221 1495 1262 ducebat
1531 1252 1545 1271 ,

171 1276 232 1316 uti
263 1291 309 1318 ex
342 1277 524 1334 ipsorum
558 1278 775 1321 ruderibus
806 1278 945 1322 videre
979 1293 1051 1322 est.

286 1335 411 1376 Extra
447 1337 528 1378 iam
578 1337 821 1395 descriptam
869 1338 1179 1394 Neapolitanam
1214 1350 1400 1398 cryptam
1452 1337 1554 1378 dnae

171 1392 320 1435 adsunt
345 1396 466 1445 viae,
499 1412 675 1452 quarum
707 1412 787 1437 una
820 1396 872 1437 ad
923 1398 1133 1442 Attianum
1167 1398 1298 1439 lacurn
1351 1402 1552 1437 viatorem

172 1452 249 1491 sert
271 1483 285 1502 ,
322 1455 444 1494 altera
479 1454 669 1496 Puteolos
702 1470 828 1512 prope
863 1471 972 1496 mare
994 1476 1006 1498 ,·
1041 1457 1138 1498 haec
1171 1457 1233 1496 via
1247 1457 1379 1497 Nova
1402 1454 1557 1496 dicitur

172 1509 223 1551 ab
254 1514 418 1569 antiqua
453 1514 624 1554 omnino
657 1514 813 1555 diversa
835 1545 845 1565 ‚
879 1530 957 1572 qua
993 1530 1064 1571 per
1086 1525 1244 1558 montes
1263 1514 1436 1570 Neapoli
1459 1528 1557 1553 eun-

174 1568 273 1610 dum
308 1582 406 1612 erat.
458 1574 570 1613 Haec
603 1588 698 1613 vero
731 1573 869 1613 Nova
903 1576 963 1614 via
997 1586 1134 1630 aperta
1170 1574 1248 1615 fuit
1281 1588 1302 1613 a
1352 1571 1554 1613 Parasano

171 1628 318 1671 Ribera
353 1630 620 1687 Neapolitano
653 1632 825 1688 Prorege
876 1647 1049 1688 regnum
1095 1634 1405 1676 administrante
1446 1645 1555 1673 anno

180 1847 237 1870 aer
261 1862 271 1878 ,
301 1835 387 1871 dum
416 1837 499 1872 satis
527 1837 725 1886 depressior
752 1849 826 1874 erat
844 1865 853 1882 ‚
884 1849 923 1874 ut
951 1838 1069 1881 adhuc
1089 1851 1130 1874 ex
1156 1845 1310 1873 rotarum
1330 1838 1560 1885 cognoscitur

184 1885 228 1920 ab
257 1896 409 1935 utroque
447 1888 558 1923 latere
601 1888 757 1937 vestigiis
786 1888 819 1922 in
851 1890 934 1936 ipsus
961 1889 1157 1937 parietibus
1179 1917 1188 1933 ‚
1218 1902 1312 1937 quae
1341 1894 1473 1923 restant
1501 1900 1559 1922 su-

180 1948 239 1984 pra
276 1945 412 1985 cryptae
440 1938 689 1974 altitudinem.
717 1938 864 1975 Adhaee
893 1939 1020 1973 visitur
1048 1938 1167 1974 adime
1194 1938 1355 1973 aedicula
1385 1944 1468 1986 puta
1500 1951 1561 1972 nu-

185 1987 368 2035 tiquorum
398 1987 684 2025 Christianorum
714 2001 820 2037 opera
863 1988 1068 2032 elaborata,
1111 1999 1145 2024 et
1173 1988 1292 2026 tabula
1323 1988 1358 2022 in
1391 1989 1467 2035 ipso
1496 2001 1558 2036 pa-

186 2037 273 2070 xiete
298 2036 450 2084 depicta.
480 2041 558 2088 Ipsa
590 2040 710 2087 procul
738 2039 848 2074 dubio
875 2051 937 2087 per
964 2051 1039 2073 eam
1057 2045 1297 2087 tempestatem
1319 2045 1393 2073 erat
1415 2040 1449 2072 in
1467 2039 1562 2072 eius·-

187 2086 266 2120 dem
296 2097 438 2136 cryptae
467 2090 595 2138 plano:
623 2095 656 2123 at
683 2102 763 2123 vcro
793 2088 958 2137 temporis
984 2101 1177 2138 progressu
1207 2090 1344 2124 tactum
1368 2115 1379 2132 ,
1425 2094 1464 2122 ut
1505 2101 1560 2123 ea-

187 2135 268 2171 dem
296 2145 410 2186 crypta
434 2167 443 2183 ,
473 2154 567 2189 quae
595 2140 677 2175 satis
704 2139 867 2188 depressa
896 2146 1001 2184 erat,
1041 2146 1204 2175 excavata
1242 2139 1348 2174 suerit
1394 2137 1438 2173 ad
1483 2151 1560 2173 eam

186 2185 413 2223 altitudinem
435 2217 444 2232 ,
474 2202 567 2240 quae
593 2203 692 2226 nunc
718 2197 782 2226 est.
810 2188 1031 2225 Crediderim
1059 2190 1167 2225 etiam
1196 2195 1334 2225 vetusto
1354 2201 1442 2224 aevo
1464 2189 1560 2223 viam

187 2236 294 2271 fnisse
323 2239 405 2274 satis
432 2241 537 2277 altam
560 2268 568 2283 ,
597 2247 632 2274 et
658 2240 813 2290 sequiori
842 2240 1044 2290 depressam
1071 2253 1191 2277 versus
1219 2239 1370 2288 Plagum
1388 2239 1555 2290 Olympi-2

187 2300 266 2323 eam
283 2315 290 2327 ,
322 2294 361 2322 ut
387 2290 507 2328 adbuc
535 2297 640 2327 restat
665 2304 757 2343 pars.

306 2338 351 2379 T.
414 2346 446 2385 I,
772 2379 775 2381 ,
1273 2344 1319 2385 31
