1920 2579
169 201 317 243 Natur.
349 194 419 239 lib.
453 190 610 236 XXXI.
645 205 678 231 c.
714 202 739 230 2
774 187 967 230 dentibus
1003 185 1262 238 firmitatem,
1294 179 1431 225 oculis
1470 184 1553 224 cla-

171 259 370 306 ritatem,
406 262 447 296 et
482 249 723 296 vulneribus
754 248 930 290 afferunt
964 248 1193 289 sanitatem.
1228 240 1353 284 Haud
1402 244 1553 298 procul

175 317 225 360 ab
258 315 321 356 his
356 310 540 367 adsurgit
570 308 772 350 Olibanus
806 306 924 349 collis
958 322 1006 347 ex
1040 303 1191 346 Aniani
1238 302 1354 344 lacus
1412 303 1555 358 regim,

173 391 256 417 ne:
294 387 374 415 vox
408 371 510 412 haec
545 384 566 409 a
599 370 761 408 Graeco
794 363 1039 414 descendit,
1072 377 1220 419 nempe
1254 361 1304 402 ab
1337 356 1458 403 Ὀλῡὸ,
1493 369 1552 401 to-

177 443 238 475 tus
261 466 272 486 ,
305 440 344 472 et
374 438 480 472 Βκνοε
503 457 515 476 ,
547 440 694 482 nempe
727 425 907 466 sterilis:
940 423 1038 465 hinc
1072 421 1305 479 appellatur
1338 433 1464 463 mons
1488 434 1554 459 sa-

178 505 299 533 xosus
322 519 334 538 ‚
363 498 403 529 et
434 501 543 527 nunc
575 485 730 525 Illonoe
758 483 902 537 Spina.
937 482 1063 524 Hunc
1095 477 1276 521 creditur
1328 482 1559 525 vulcanum

180 545 387 606 quondam
418 545 573 586 fuisse:
611 558 706 584 nam
739 541 874 583 adhuc
908 548 1108 598 apparent
1153 538 1308 595 passim
1356 535 1559 583 materiae·

179 606 381 648 extinctae
414 619 436 645 a
484 602 737 659 temporibus
785 599 904 641 nobis
953 597 1170 653 incognitis
1216 595 1400 640 Vesuvio
1449 592 1559 637 haud

178 664 405 707 absimiles.
437 661 654 703 Suetonius
695 661 736 701 in
767 657 902 715 Calig.
936 674 972 700 c.
1005 661 1060 710 37
1093 655 1271 706 videtur,
1290 652 1403 700 hunc
1437 669 1558 698 mon-

180 733 267 765 tem
304 734 581 763 memorasse:
616 717 809 774 Caligula
863 726 1001 759 autem
1047 715 1280 771 Imperator
1328 713 1557 772 Campania

180 790 432 838 peragrata,
469 777 581 821 varia
613 776 747 818 effecit
779 790 905 831 opera
925 806 937 824 ‚
971 782 1013 815 et
1044 771 1252 815 durissimi
1283 770 1410 816 silicis
1444 772 1558 815 exci-

182 838 242 880 dit
275 853 407 895 rupes.
441 836 625 879 Huiusce
658 835 811 877 montis
845 831 1002 890 lapides
1035 832 1087 874 ad
1119 831 1304 890 publicas
1337 832 1421 874 vias
1455 843 1557 874 ster-

156 895 334 937 .nendas
371 896 421 937 ab
454 895 632 951 antiquis
664 891 836 934 adhibiti
868 892 994 933 fuere.
1028 890 1108 933 Hic
1141 904 1240 934 vero
1276 896 1335 929 est
1370 890 1420 932 ad
1451 891 1556 946 Cap*

181 954 454 1010 puccinorum
484 951 689 993 Coenobii
720 949 934 991 meridiem
964 964 1088 1005 supra
1140 946 1466 1003 Sulphurariam.
1512 948 1560 989 In

184 1021 266 1052 tres
303 1020 437 1066 partes
469 1010 726 1065 seiungitur:
760 1008 830 1049 illa
862 1023 965 1064 quae
998 1017 1058 1049 est
1091 1024 1113 1050 a
1144 1006 1271 1049 maris
1303 1006 1449 1057 latere,
1469 1008 1562 1048 Bab

185 1069 293 1110 neoli
325 1077 553 1112 vocantur:
590 1066 878 1124 iBagnuoIi:
912 1065 1039 1107 altera
1075 1081 1180 1121 quae
1236 1063 1446 1107 Anianum
1499 1080 1563 1106 re-

184 1127 304 1184 spicit
343 1128 481 1169 lacum
505 1156 517 1177 ‚
547 1125 700 1169 dicitur
733 1124 927 1168 Soccavo
949 1152 961 1174 ,
987 1133 1027 1166 et
1061 1124 1181 1166 tertia
1213 1135 1304 1181 pars
1337 1138 1440 1180 quae
1461 1125 1564 1164 Pau-v

185 1187 368 1241 silypum
400 1194 556 1242 spectat
588 1182 920 1242 promontorium
941 1213 954 1233 ,
987 1182 1036 1224 ab
1065 1182 1221 1226 accolis
1254 1177 1405 1223 dicitur
1441 1180 1563 1222 Fun-

184 1245 225 1284 νί
259 1244 425 1286 Grotta.
458 1244 593 1300 Supra
625 1244 775 1285 collem
805 1242 1033 1284 olibanum
1051 1251 1111 1284 est
1130 1256 1223 1299 pars
1245 1241 1393 1283 veteris
1415 1255 1563 1296 aquae—2

188 1301 332 1344 ductus
352 1335 364 1352 ‚
390 1303 465 1359 *qui
498 1318 648 1360 aquam
685 1302 942 1344 Serinensem
974 1300 1025 1343 ad
1056 1299 1248 1348 Puteolos
1268 1330 1279 1352 ‚
1313 1308 1354 1340 et
1370 1298 1468 1342 hinc
1488 1299 1562 1340 Ba-

187 1361 245 1402 ias
276 1361 457 1411 ferebat,
493 1371 537 1403 ut
567 1370 660 1403 ante
690 1359 868 1404 diximus
904 1359 973 1402 lib.
1008 1359 1078 1400 ΙΙΙ.
1113 1376 1152 1404 c.
1192 1375 1256 1403 10.

307 1421 417 1459 Post.
436 1419 510 1460 hos
543 1429 701 1461 montes
751 1418 835 1460 huo
882 1432 1011 1474 usque
1062 1417 1290 1474 descriptos
1335 1409 1787 1460 succeduntA⁵‘¹‘²¹¹¹1⁰⁰¹¹⁶⁵·

192 1475 362 1516 Astruni
396 1478 552 1527 colles,
589 1478 653 1534 gli
686 1477 881 1526 Astruni,
912 1475 1016 1517 forte
1047 1475 1097 1517 ab
1132 1477 1309 1525 Asture,
1343 1490 1448 1531 quae
1481 1475 1567 1519 avis

192 1547 326 1588 genus
359 1545 453 1584 est;
483 1535 526 1575 hi
559 1535 850 1591 amphitheatri
885 1533 1012 1578 veluti
1045 1534 1223 1576 formam
1254 1533 1464 1583 efficiunt,
1497 1534 1569 1576 ubi

178 1591 347 1646 passim
393 1609 519 1650 aquae
550 1592 706 1636 calidae
737 1602 906 1637 scatent.
953 1593 1015 1634 Ex
1063 1594 1221 1636 oriente
1254 1592 1332 1648 ipsi
1365 1607 1464 1634 cum
1509 1594 1568 1633 A-

192 1649 315 1691 niano
345 1651 439 1694 lacu
458 1684 469 1704 ,
501 1665 553 1693 ex
584 1650 754 1694 meridie
784 1665 881 1695 cum
914 1651 1173 1707 Leucogaeis
1195 1686 1209 1706 ‚
1256 1666 1303 1693 ex
1350 1650 1566 1694 occidente

194 1722 292 1750 cum
325 1709 389 1751 via
421 1710 631 1767 Campana
664 1712 991 1768 coniunguntur.
1041 1711 1103 1751 Ex
1136 1710 1415 1767 septentrione
1462 1708 1566 1752 vici-

197 1780 297 1808 num
328 1766 479 1809 habent
511 1769 651 1812 vicum
683 1770 904 1811 Planuram
924 1801 935 1821 ‚
982 1769 1109 1824 vulgo
1143 1770 1365 1810 Planum:
1401 1768 1566 1809 Montes

197 1825 340 1867 avibus
360 1857 375 1876 ,
413 1836 452 1867 et
484 1827 703 1883 praecipue
728 1828 936 1887 leporibus
969 1826 1178 1869 abundant
1197 1846 1206 1865 ‚-
1225 1827 1323 1869 hinc
1341 1823 1567 1868 hodiedum

196 1882 349 1939 Regiae
379 1883 608 1928 inserviunt
641 1885 879 1929 venationi:
932 1901 954 1927 a
984 1884 1161 1943 Neapoli
1193 1883 1345 1928 distant
1392 1893 1570 1942 quatuor

194 1941 404 1984 milliaria.
453 1944 509 1984 Hi
554 1944 724 2001 insuper
768 1944 879 1988 varie
910 1953 1202 2001 nuncupantur
1234 1943 1284 1985 ab
1317 1941 1567 1986 auctoribus.

195 2001 344 2042 Facius
376 2001 448 2043 lib.
473 2004 541 2044 III.
561 2019 596 2045 c.
619 2018 658 2058 9.
691 2003 937 2044 Listronem
969 2011 1118 2053 vocat,
1151 2001 1437 2044 Summontius
1461 2000 1568 2042 Hist.

187 2059 332 2115 'Neap.
364 2060 437 2102 lib.
473 2062 548 2103 VI.
580 2062 820 2104 Astrzmum
844 2081 855 2102 .·
887 2071 982 2103 sunt
1012 2061 1138 2103 etiam
1172 2060 1242 2117 qui
1274 2061 1493 2102 Astrunos
1547 2073 1571 2099 a

199 2119 350 2160 sturnis
382 2129 546 2162 vocatos
579 2121 838 2162 arbitrantur.
873 2123 952 2162 Eos
985 2121 1112 2163 colles
1145 2118 1351 2160 Carlettus
1373 2150 1386 2168 ‚
1419 2118 1573 2176 Regi02

199 2189 250 2215 ne
282 2179 410 2235 Brug.
441 2194 480 2220 n.
515 2179 607 2222 LII.
641 2179 876 2222 vulcanicas
909 2179 1011 2220 olim
1044 2178 1235 2219 materias
1267 2177 1457 2220 habuisse
1475 2187 1572 2235 pro-¹

200 2230 282 2273 bat:
313 2237 464 2292 passim
497 2238 606 2279 enim
629 2237 761 2280 adhuc
793 2247 947 2280 restant
965 2239 1167 2280 extinctae
1200 2236 1300 2277 olim
1321 2235 1498 2278 eaedem.
1521 2235 1567 2275 In

201 2288 333 2392 igsam
365 2307 523 2353 quoque
542 2297 787 2341 sententiam
807 2294 918 2344 vadit
936 2296 1181 2340 Breislakius
1195 2327 1211 2349 ,
1235 2296 1419 2353 Topogr.
1443 2294 1564 2351 Phys.

242 2365 348 2410 amp.
