1920 2579
1498 125 1543 163 61

177 193 236 234 tis.
256 180 445 241 constat,
481 203 564 245 quo
596 189 636 230 in
667 182 798 242 pretio
817 216 829 235 ,
861 183 900 227 'et
930 194 1131 242 quantum
1161 179 1260 226 haec
1309 179 1407 223 olim
1460 179 1549 221 loca

180 267 202 293 a
234 251 426 294 Romanis
457 249 607 289 fuerint
638 244 821 300 expetita.
848 246 943 286 Non
979 244 1123 286 s'olum
1144 258 1239 285 vero
1272 240 1328 282 illi
1362 240 1550 281 homines

179 324 300 366 super
331 310 407 350 boe
438 306 556 348 litore
588 320 678 346 suas
709 303 887 344 habuere
916 302 1092 352 domos,
1124 316 1267 343 verum
1301 300 1421 341 etiam
1442 313 1547 339 com·

178 367 293 422 plura
327 365 505 421 templa,
540 375 579 404 et
613 359 1054 403 thermas‘condendas
1087 369 1283 403 curarunt
1307 390 1318 409 ‚
1360 357 1410 399 de
1460 357 1552 413 qui·

181 425 260 468 bus
288 439 397 466 nunc
429 424 661 463 dicendum.

292 483 421 539 Super
456 484 651 522 Baianum
683 479 779 521 litus
809 486 962 520 restant
991 477 1220 528 Thermae,
1254 489 1429 532 quarum
1475 474 1548 514 im-
1569 477 1704 538 ”⁶52¹ssss
1726 476 1771 501 ¹³0¹-

176 556 334 583 mensae
364 541 497 581 adhuc
530 540 714 579 visuntur
747 536 951 593 reliquiae.
985 536 1169 577 Primum
1204 533 1438 576 aedificium
1487 541 1549 573 est.
1702 532 1707 538 '

179 600 279 642 illud
301 632 314 650 ,
349 600 461 655 quod
496 600 636 652 vulgus
672 596 860 640 Veneris·
891 597 1092 651 templu-m
1124 593 1222 634 falso
1255 592 1440 648 appellat.
1462 592 1554 632 Hoc

178 657 373 715 quadrata
411 657 425 714 (
463 667 505 696 ut
537 656 752 711 apparet)
794 654 925 696 forma
976 652 1148 694 lateritio
1199 652 1278 692 fuit
1329 665 1465 706 opere.
1521 651 1560 691 A

179 717 351 759 Caesare
385 726 594 764 erectum,
630 729 678 753 an
712 713 763 753 ab
792 712 870 752 ali‘o
920 712 1106 753 Romano
1153 710 1304 761 divite,
1353 707 1561 749 affirmare

177 775 289 816 haud
319 778 522 814 anserini:
558 782 694 812 extant
724 770 858 811 adhue
891 771 1060 826 parietes
1090 782 1210 824 opere
1242 767 1514 824 anaglyptico.

294 833 388 873 Non
427 831 567 886 procul
599 831 649 870 ab
682 830 790 870 hisce
822 830 950 869 ruinis
982 827 1079 868 aliae
1110 825 1380 882 adsurgebant
1426 825 1555 865 Ther-

177 904 268 932 mae
290 923 300 941 ‚
333 906 432 946 quas
467 904 574 930 nnnc
607 888 762 929 accolae
792 887 968 928 Dianae
1001 886 1068 943 (ι)
1105 886 1353 941 compellant
1403 881 1559 922 aedem.

178 950 412 1003 Propertzus
455 963 547 987 vero
579 947 649 987 lib.
686 947 716 988 l.
750 945 861 1000 Eleg.
894 960 1014 999 super
1046 943 1249 985 Baianum
1280 944 1375 984 litus
1408 941 1561 981 Dianae

178 1010 376 1061 temptum
414 1022 491 1045 non
528 1006 666 1060 procul
700 1005 750 1044 ab
798 1002 999 1044 Herculea
1050 1001 1221 1042 collocat
1268 1002 1348 1043 via.
1398 1002 1561 1040 Verum

177 1078 262 1119 quo
297 1065 385 1103 loco
422 1063 520 1103 illud
557 1062 706 1112 fuerit,
741 1077 811 1117 per
839 1071 1025 1101 auctores
1071 1059 1182 1099 haud
1233 1068 1421 1108 constat,
1468 1071 1563 1098 cum

179 1136 250 1161 nec
284 1123 429 1161 rudera
461 1120 627 1177 quidem
662 1119 864 1175 supersint
894 1118 936 1157 in
970 1117 1301 1172 praesentiarum.
1332 1115 1560 1157 In‘easdem

176 1181 375 1229 Thermas
406 1178 627 1223 ventitabat
659 1180 802 1228 Nero,
832 1175 884 1216 de
916 1175 1066 1233 quibus
1096 1178 1206 1216 canit
1238 1173 1457 1217 Martialis„
1489 1173 1557 1215 lib.

182 1237 269 1279 VII.
305 1237 444 1292 Epigr.
480 1241 550 1290 37.
585 1233 717 1279 Media
750 1250 860 1276 nunc
892 1234 1057 1276 fornicis
1081 1249 1181 1290 ⁴pars
1214 1244 1320 1275 extat
1352 1249 1450 1275 cum
1504 1234 1561 1274 fe-

180 1296 324 1338 nestris
360 1296 513 1336 circum
548 1294 648 1335 bene
679 1294 897 1351 dispositis.
1010 1339 1011 1343 Ἰ
1090 1344 1092 1348 ³
1440 1345 1441 1349 Ἰ

294 1354 437 1395 Restat
469 1354 585 1411 plura
616 1353 691 1394 alia
725 1352 872 1393 rudera
902 1366 1023 1406 super
1053 1350 1251 1393 Baianum
1286 1350 1463 1392 collem:
1518 1363 1563 1389 ea

182 1407 325 1465 <vulgus
360 1413 461 1454 falso
488 1410 667 1467 appellat
699 1410 914 1449 Mercurii
945 1409 1017 1465 (a)
1066 1410 1221 1449 aedem.
1267 1408 1448 1463 Quidam
1496 1422 1564 1463 pa-

281 1589 341 1637 (1)
368 1589 486 1640 Prope
514 1590 650 1626 Dianae
680 1589 856 1637 ternplum
884 1592 898 1634 (
940 1594 979 1624 ut
1007 1587 1140 1638 vulgus
1182 1587 1298 1623 credit
1338 1590 1352 1633 )
1393 1595 1557 1636 repertus

184 1638 254 1675 fuit
282 1639 383 1683 haud!
404 1639 525 1687 procul
553 1654 570 1675 a
599 1640 740 1675 Baiano
767 1638 894 1674 Castro
918 1638 1093 1674 hodierno
1114 1651 1209 1674 anno
1227 1637 1558 1674 MDCCLXXXV.

186 1688 277 1737 lapis
304 1691 366 1737 qni
397 1688 571 1739 Cybelis‚
598 1697 632 1727 et
659 1689 866 1738 Vespasiani
897 1688 1117 1738 templorum
1137 1687 1358 1725 mentionem
1376 1688 1476 1724 facit.
1499 1690 1562 1724 Vi-

182 1737 234 1773 ¹de
262 1739 445 1774 Ancoram
463 1766 472 1783 ‚
502 1739 660 1788 Viaggio
688 1739 725 1774 di
752 1739 921 1776 Pozzuoli
950 1750 1032 1787 pag.
1069 1737 1149 1775 105.
1536 1755 1538 1757 ’

291 1789 350 1837 (2)
378 1788 600 1824 lastinianus
628 1791 663 1825 in
689 1788 850 1825 Diction.
878 1788 996 1836 Regni
1023 1788 1175 1836 Neapol,
1197 1797 1282 1823 tom.
1301 1788 1348 1823 II.
1367 1789 1462 1824 artic.
1483 1789 1562 1824 Ba-

180 1841 229 1888 ja
256 1839 291 1874 in
319 1839 465 1887 longum
493 1838 642 1887 probat,
672 1838 865 1887 descriptas
892 1838 998 1872 aedes
1027 1837 1117 1873 nihil
1145 1838 1247 1873 alind
1274 1839 1396 1883 fnisse,
1434 1853 1505 1888 qna
1525 1852 1560 1874 m

180 1901 330 1938 magnas
358 1888 576 1924 Baianarum
606 1888 825 1925 thermarum
854 1887 1020 1937 piscinas.
1049 1887 1104 1924 Ne
1133 1887 1275 1935 longius
1303 1889 1484 1932 abeamus,
1508 1889 1559 1924 le-

191 1947 325 1974 ctorem
354 1950 542 1974 monemus
565 1965 575 1982 ,
605 1947 644 1975 ut
673 1938 872 1988 praefatum
905 1937 1007 1973 adeat
1035 1946 1244 1981 auctorem,
1294 1939 1358 1974 ubi
1397 1938 1558 1975 mascula

182 1988 383 2025 eruditione
411 1988 448 2024 id
475 1989 615 2036 probat.
646 1988 703 2024 Ad
730 1988 798 2024 hoc
826 1987 1083 2037 probandum,
1110 1987 1271 2025 Vitruvii
1301 1988 1404 2024 affert
1434 1999 1562 2024 aucto-

181 2038 349 2082 ritatem,
396 2047 432 2074 et
461 2038 607 2074 illarum
635 2039 853 2075 thermarum
879 2039 1030 2074 formam
1052 2067 1063 2084 ‚
1091 2050 1242 2086 quarum
1271 2038 1446 2088 quaedam
1488 2039 1558 2074 Ro-

183 2100 261 2123 mae
288 2088 407 2125 adhuc
435 2095 558 2124 extant
582 2090 651 2125 sub
678 2089 882 2125 Caracallae
902 2115 912 2133 ‚
941 2097 977 2123 et
1005 2088 1220 2124 Diocletiani
1250 2088 1404 2124 nomine.
1430 2090 1482 2124 Re
1502 2103 1557 2125 sa-

182 2148 228 2173 ne
256 2151 337 2175 vera
365 2139 536 2177 Mercurii
565 2139 765 2189 templum,
792 2145 834 2174 ut
861 2138 1024 2174 dictitant
1052 2138 1252 2188 indigenae,
1266 2139 1449 2188 propriam
1468 2139 1563 2174 ther-

180 2197 323 2224 marum
352 2190 501 2225 formam
517 2189 660 2233 habere,
674 2203 715 2225 ex
729 2189 843 2225 ruinis
858 2202 950 2238 quae
963 2188 1298 2232 restant,evidenter
1316 2189 1559 2238 dignoscitur.

287 2238 424 2276 Verum
453 2239 641 2276 enimvero
679 2239 776 2277 haud
814 2240 1040 2275 obstantibus
1085 2239 1178 2276 hisce
1215 2240 1406 2279 Iustiniani
1442 2247 1562 2275 aucto-

182 2283 378 2337 ritatibus,
406 2291 528 2340 paucis
556 2290 688 2328 abhinc
716 2291 897 2328 mensssbus
924 2289 980 2327 Gt.
1011 2289 1146 2329 lorium
1174 2290 1328 2340 quadam
1373 2289 1430 2327 die
1475 2303 1559 2327 cum
