1920 2579
321 158 374 186 20

508 261 596 298 IMP
626 288 634 296 .
663 257 867 298 CAESARI
899 289 906 297 .
935 260 1041 298 DIVI
1072 292 1078 299 .
1111 262 1348 300 HADRIANI
1377 291 1388 299 .
1417 263 1497 299 FIL

814 310 920 348 DIVI
946 338 955 347 .
983 311 1185 350 TRAIANI

544 360 777 398 PARTHICI
807 388 816 396 .
845 362 1002 399 NEPOS
1037 391 1043 398 .
1073 365 1175 400 DIVI
1205 390 1212 398 .
1242 363 1441 400 NERVAE

711 411 963 450 PRONEPOS
994 440 1002 448 .
1031 414 1062 448 T
1091 441 1099 448 .
1129 413 1306 450 AELIUS

369 462 649 502 HADRIANUS
678 487 686 496 .
713 461 1004 507 ANTONINUS
1034 491 1043 499 .
1071 464 1177 500 AUG
1207 491 1215 500 .
1246 463 1352 498 PIUS
1381 490 1388 498 .
1418 462 1597 499 PONTIF

716 513 822 548 ΜΑΧ
849 539 858 548 .
886 514 1000 550 TRIB
1031 542 1038 549 .
1068 513 1164 549 POT
1191 539 1200 549 .
1228 514 1261 548 II
1291 542 1299 549 .

523 561 612 600 COS
644 589 652 598 .
682 561 716 597 ΙΙ
747 590 755 597 .
785 563 970 600 DESIGN
1002 591 1008 598 .
1037 564 1090 599 III
1121 591 1128 599 .
1159 564 1187 598 P
1218 591 1226 599 .
1254 563 1282 597 P
1313 591 1323 602 .
1353 563 1476 606 OPUS

727 613 951 649 PILARUM
981 640 989 648 .
1019 613 1072 648 VI
1102 641 1110 649 .
1137 612 1285 649 MARIS

515 661 809 700 CONLAPSUM
838 689 847 696 .
875 664 906 698 A
935 690 943 698 .
974 663 1094 698 DIVO
1123 689 1131 697 .
1161 662 1322 699 PATRE
1353 690 1360 697 .
1389 663 1484 699 SUO

673 712 957 750 PROMISSUM
987 740 995 749 .
1024 712 1297 750 RESTI‘I'UIT
1324 739 1334 749 .

313 826 382 869 Ob
416 823 584 866 eandem
619 822 739 864 etiam
773 823 971 865 rationem
1004 818 1218 869 Puteolani
1265 824 1318 867 ob
1351 830 1588 865 restauratas
1620 821 1691 861 ha·

312 901 374 927 sce
408 885 506 940 pilas
527 915 538 933 ,
571 884 680 924 hunc
713 897 852 924 arcum
887 884 1177 940 triumphalem
1227 899 1355 941 prope
1406 891 1571 938 portum
1606 895 1691 920 ere-

311 955 472 985 xerunt.
505 943 687 984 Huiusce
738 941 849 982 bases
882 941 1106 984 hodiedum
1140 953 1291 984 restant
1322 943 1427 982 inter
1460 938 1686 980 Ecclesiam

312 1004 349 1044 S.
383 1002 583 1043 Francisci
606 1032 617 1050 ,
651 1010 689 1040 et
721 1000 788 1040 SS-
825 1000 977 1041 Mariae
1011 1001 1186 1056 Virginis
1233 997 1517 1042 Adnunciatae
1569 1010 1690 1050 supra

312 1061 415 1101 litus.
448 1062 493 1101 In
528 1074 577 1100 eo
606 1059 697 1100 loco
730 1058 814 1097 fuit..
840 1058 938 1099 olim
971 1059 1224 1114 vectigalium
1241 1059 1442 1113 ingressus
1473 1054 1525 1095 ad
1545 1052 1690 1094 urbem

311 1134 357 1160 ex
391 1120 492 1159 mari
527 1117 876 1174 provenientium.

430 1176 596 1218 Falsum
629 1189 725 1218 vero
757 1186 815 1215 est
848 1174 1008 1215 easdem
1041 1176 1140 1231 pilas
1172 1175 1296 1217 fuisse
1342 1190 1364 1214 a
1395 1170 1574 1224 Caligula
1618 1169 1697 1210 Im·

310 1246 497 1294 peratore
529 1242 805 1275 constructas:
830 1232 896 1274 hic
919 1233 1027 1274 euim
1061 1232 1335 1276 contabulavit
1367 1230 1537 1273 navibus
1559 1237 1694 1270 totum

311 1309 423 1335 mare
447 1328 460 1347 ,
494 1291 607 1350 quod
641 1307 662 1331 a
696 1290 874 1333 Puteolis
906 1291 1057 1345 Baulos
1093 1292 1338 1334 extenditur.
1376 1288 1549 1336 Easdem
1584 1298 1695 1326 nunc

310 1353 504 1408 temporis
537 1351 635 1392 falso
667 1348 824 1390 incolae
855 1349 1059 1407 appellant
1091 1357 1106 1392 ι’
1136 1355 1261 1394 Ponti
1298 1351 1343 1391 dh·
1383 1347 1599 1403 Caligola.
1634 1342 1696 1382 Ex

316 1411 514 1453 Suetonio
546 1412 589 1451 in
622 1409 706 1450 eius
738 1408 817 1447 vita
851 1424 883 1449 c.
925 1421 973 1462 19
1010 1408 1241 1462 ediscimus,
1263 1407 1378 1451 illum
1398 1410 1574 1449 Xerxem
1609 1401 1700 1442 imi-

311 1482 442 1511 tatum
476 1470 631 1518 fuisse,
672 1469 743 1523 qui
777 1466 1089 1520 Hellespontum
1123 1467 1221 1508 olim
1255 1463 1535 1509 contabulavit
1561 1493 1576 1512 ,
1616 1473 1699 1516 quo

310 1546 355 1570 ex
389 1531 481 1570 Asia
515 1532 553 1570 in
589 1527 803 1582 Europam
840 1525 1050 1567 traiiceret.
1085 1526 1269 1567 Medium
1327 1536 1464 1565 autem
1514 1519 1690 1576 spatium

309 1588 509 1642 colligavit
540 1585 686 1627 Baulos
719 1586 823 1626 inter
860 1584 879 1640 (
915 1596 957 1625 ut
992 1599 1035 1625 ex
1070 1585 1201 1624 Dione
1233 1584 1305 1627 lib.
1340 1583 1433 1624 XI...
1453 1578 1690 1634 accipimus,

309 1647 378 1688 sed
412 1662 456 1686 ex
490 1645 684 1686 Suetonio
718 1644 822 1683 inter
856 1644 1005 1697 Baias).
1028 1643 1090 1684 En
1127 1642 1337 1699 biographi
1371 1640 1527 1680 verba:
1565 1633 1689 1675 Nam

310 1706 516 1747 Baiarum
550 1702 738 1745 medium
768 1701 1038 1742 intervallum
1057 1701 1316 1743 Puteolanas
1333 1700 1393 1740 acl
1410 1697 1547 1739 moles
1565 1698 1686 1735 trium

312 1765 489 1804 millium
513 1796 526 1813 ,
568 1773 608 1802 ec
643 1770 955 1801 sexcentorum
964 1763 1062 1810 fere
1078 1774 1290 1814 passuum
1304 1768 1437 1814 ponte
1457 1756 1694 1800 coniunxit,

312 1827 550 1863 contractis
582 1820 772 1876 undique
810 1820 992 1859 navibus
1033 1819 1247 1858 onerariis
1267 1849 1279 1867 ,
1315 1829 1354 1859 et
1379 1815 1531 1857 ordine
1563 1810 1698 1865 dupli-

313 1897 351 1922 οι
385 1881 444 1921 ud
474 1882 695 1922 anchoras
743 1877 1005 1926 collocazis,
1049 1881 1368 1934 superiectoque
1418 1885 1578 1931 aggere
1621 1878 1699 1910 ter-

315 1955 419 1980 reno
446 1971 457 1989 ,
494 1954 547 1979 uc
589 1938 752 1979 directo
793 1942 836 1976 in
874 1936 1047 1992 Appiae
1079 1940 1181 1976 viae
1205 1937 1422 1985 formam.
1461 1938 1543 1976 Per
1586 1929 1699 1968 hunc

316 2008 494 2053 pontem
528 1999 638 2037 ultro
672 1995 859 2052 citroque
894 1999 1151 2036 commeavit
1188 1993 1316 2033 biduo
1338 1986 1702 2034 continenti.P1·i-

324 2072 394 2097 mo
426 2057 494 2097 die
521 2056 751 2110 phalerato
784 2068 893 2111 equo
917 2084 927 2104 ,
964 2052 1227 2107 insignisque
1263 2056 1467 2109 quercica
1500 2057 1666 2089 corona
1690 2070 1700 2090 ,

324 2125 363 2154 et
396 2115 569 2166 securi,
610 2123 649 2154 et
700 2124 816 2154 cetra.
841 2144 853 2162 ,
892 2121 931 2152 ec
969 2111 1116 2168 gladio
1140 2146 1153 2165 ,
1203 2125 1423 2168 aureaque
1456 2100 1698 2156 chlamyde·

325 2174 526 2213 Postridie
561 2172 844 2229 quadrigario
872 2172 1038 2220 habitu,
1075 2171 1378 2225 curriculoque
1401 2167 1529 2221 biiugi
1552 2163 1701 2213 famo·

326 2247 469 2272 sorum
490 2247 696 2286 equorum
718 2261 729 2278 ‚
758 2230 1063 2286 praeseferens
1095 2229 1280 2269 Darium
1307 2240 1491 2281 puerum
1529 2236 1586 2261 ex
1609 2219 1702 2258 Par-

330 2292 497 2331 thorum
517 2290 763 2332 obsidibus:
799 2293 1025 2332 comitante
1067 2291 1439 2342 praetorianorum
1487 2283 1695 2338 agmine>
