<?xml version="1.0" encoding="UTF-8"?>
<!DOCTYPE html PUBLIC "-//W3C//DTD XHTML 1.0 Transitional//EN"
    "http://www.w3.org/TR/xhtml1/DTD/xhtml1-transitional.dtd">
<html xmlns="http://www.w3.org/1999/xhtml" xml:lang="en" lang="en">
 <head>
  <title>
</title>
<meta http-equiv="Content-Type" content="text/html;charset=utf-8" />
  <meta name='ocr-system' content='tesseract 3.04.00' />
  <meta name='ocr-capabilities' content='ocr_page ocr_carea ocr_par ocr_line ocrx_word'/>
</head>
<body>
  <div class='ocr_page' id='page_1' title='image "./universiaecampan01laur/universiaecampan01laur_0210.png"; bbox 0 0 1920 2579; ppageno 0'>
   <div class='ocr_carea' id='block_1_1' title="bbox 329 136 1708 602">
    <p class='ocr_par' dir='ltr' id='par_1_1' title="bbox 337 136 417 185">
     <span class='ocr_line' id='line_1_1' title="bbox 337 136 417 185; baseline 0.013 -9"><span class='ocrx_word' id='word_1_1' title='bbox 337 136 417 185; x_wconf 62' lang='lat'>198</span> 
     </span>
    </p>

    <p class='ocr_par' dir='ltr' id='par_1_2' title="bbox 329 188 1708 602">
     <span class='ocr_line' id='line_1_2' title="bbox 330 188 1699 248; baseline 0.001 -16"><span class='ocrx_word' id='word_1_2' title='bbox 330 190 605 233; x_wconf 80' lang='lat' dir='ltr'>Martorellius</span> <span class='ocrx_word' id='word_1_3' title='bbox 640 188 776 232; x_wconf 87' lang='lat' dir='ltr'><strong>Theca</strong></span> <span class='ocrx_word' id='word_1_4' title='bbox 806 188 960 232; x_wconf 74' lang='lat' dir='ltr'>Galam.</span> <span class='ocrx_word' id='word_1_5' title='bbox 998 206 1086 248; x_wconf 82' lang='lat' dir='ltr'>pag·</span> <span class='ocrx_word' id='word_1_6' title='bbox 1131 193 1215 235; x_wconf 80' lang='lat'>616</span> <span class='ocrx_word' id='word_1_7' title='bbox 1249 202 1346 235; x_wconf 83' lang='lat' dir='ltr'>tom.</span> <span class='ocrx_word' id='word_1_8' title='bbox 1386 193 1437 235; x_wconf 81' lang='grc' dir='ltr'>ΙΙ.</span> <span class='ocrx_word' id='word_1_9' title='bbox 1476 192 1580 235; x_wconf 79' lang='lat' dir='ltr'>hanc</span> <span class='ocrx_word' id='word_1_10' title='bbox 1635 198 1699 234; x_wconf 66' lang='lat' dir='ltr'>oe-⁴</span> 
     </span>
     <span class='ocr_line' id='line_1_3' title="bbox 332 248 1698 307; baseline 0.001 -16"><span class='ocrx_word' id='word_1_11' title='bbox 332 264 500 306; x_wconf 84' lang='lat' dir='ltr'>cupasse</span> <span class='ocrx_word' id='word_1_12' title='bbox 524 248 654 291; x_wconf 85' lang='lat' dir='ltr'>credit</span> <span class='ocrx_word' id='word_1_13' title='bbox 685 249 861 305; x_wconf 80' lang='lat' dir='ltr'><strong>primam</strong></span> <span class='ocrx_word' id='word_1_14' title='bbox 896 249 1005 292; x_wconf 88' lang='lat' dir='ltr'>urbis</span> <span class='ocrx_word' id='word_1_15' title='bbox 1037 250 1245 306; x_wconf 82' lang='lat' dir='ltr'>regionem</span> <span class='ocrx_word' id='word_1_16' title='bbox 1273 254 1291 307; x_wconf 91' lang='lat'>(</span> <span class='ocrx_word' id='word_1_17' title='bbox 1330 252 1399 294; x_wconf 86' lang='lat' dir='ltr'>ubi</span> <span class='ocrx_word' id='word_1_18' title='bbox 1430 253 1507 294; x_wconf 81' lang='lat' dir='ltr'>iam</span> <span class='ocrx_word' id='word_1_19' title='bbox 1555 252 1698 293; x_wconf 78' lang='lat' dir='ltr'>adsur⁹</span> 
     </span>
     <span class='ocr_line' id='line_1_4' title="bbox 332 308 1699 369; baseline -0.001 -19"><span class='ocrx_word' id='word_1_20' title='bbox 332 308 448 364; x_wconf 79' lang='lat' dir='ltr'>gebat</span> <span class='ocrx_word' id='word_1_21' title='bbox 481 308 694 365; x_wconf 82' lang='lat' dir='ltr'>Campana</span> <span class='ocrx_word' id='word_1_22' title='bbox 734 309 1003 366; x_wconf 82' lang='lat' dir='ltr'>patriciorum</span> <span class='ocrx_word' id='word_1_23' title='bbox 1041 309 1198 362; x_wconf 77' lang='lat' dir='ltr'>Curia,</span> <span class='ocrx_word' id='word_1_24' title='bbox 1235 309 1356 365; x_wconf 87' lang='lat' dir='ltr'>vulgo</span> <span class='ocrx_word' id='word_1_25' title='bbox 1405 312 1565 369; x_wconf 78' lang='lat' dir='ltr'>Seggio</span> <span class='ocrx_word' id='word_1_26' title='bbox 1615 309 1699 351; x_wconf 76' lang='lat' dir='ltr'>Ca-</span> 
     </span>
     <span class='ocr_line' id='line_1_5' title="bbox 329 367 1706 427; baseline -0.001 -19"><span class='ocrx_word' id='word_1_27' title='bbox 329 381 476 424; x_wconf 80' lang='lat' dir='ltr'>puano</span> <span class='ocrx_word' id='word_1_28' title='bbox 510 367 526 425; x_wconf 89' lang='lat'>)</span> <span class='ocrx_word' id='word_1_29' title='bbox 569 369 940 424; x_wconf 79' lang='lat' dir='ltr'>Metropolitanum</span> <span class='ocrx_word' id='word_1_30' title='bbox 972 384 1119 423; x_wconf 83' lang='lat' dir='ltr'>nempe</span> <span class='ocrx_word' id='word_1_31' title='bbox 1159 370 1385 410; x_wconf 83' lang='lat' dir='ltr'>maximum</span> <span class='ocrx_word' id='word_1_32' title='bbox 1406 373 1625 427; x_wconf 82' lang='lat' dir='ltr'>templum,</span> <span class='ocrx_word' id='word_1_33' title='bbox 1647 367 1706 407; x_wconf 83' lang='lat' dir='ltr'>lo-</span> 
     </span>
     <span class='ocr_line' id='line_1_6' title="bbox 331 424 1703 483; baseline 0.001 -18"><span class='ocrx_word' id='word_1_34' title='bbox 331 441 426 467; x_wconf 87' lang='lat' dir='ltr'>cum</span> <span class='ocrx_word' id='word_1_35' title='bbox 458 440 620 467; x_wconf 85' lang='lat' dir='ltr'>omnem</span> <span class='ocrx_word' id='word_1_36' title='bbox 657 442 785 483; x_wconf 83' lang='lat' dir='ltr'>prope</span> <span class='ocrx_word' id='word_1_37' title='bbox 814 427 852 467; x_wconf 90' lang='lat' dir='ltr'>S·</span> <span class='ocrx_word' id='word_1_38' title='bbox 892 428 1099 468; x_wconf 85' lang='lat' dir='ltr'>Laurentii</span> <span class='ocrx_word' id='word_1_39' title='bbox 1147 429 1401 481; x_wconf 74' lang='lat' dir='ltr'><strong>Ecclesiam,</strong></span> <span class='ocrx_word' id='word_1_40' title='bbox 1426 443 1471 468; x_wconf 86' lang='lat' dir='ltr'>ac</span> <span class='ocrx_word' id='word_1_41' title='bbox 1504 431 1543 470; x_wconf 90' lang='lat' dir='ltr'>S.</span> <span class='ocrx_word' id='word_1_42' title='bbox 1590 424 1703 468; x_wconf 78' lang='lat' dir='ltr'>Pauli</span> 
     </span>
     <span class='ocr_line' id='line_1_7' title="bbox 334 484 1708 541; baseline 0 -17"><span class='ocrx_word' id='word_1_43' title='bbox 334 500 460 539; x_wconf 87' lang='lat' dir='ltr'>usque</span> <span class='ocrx_word' id='word_1_44' title='bbox 492 484 543 525; x_wconf 86' lang='lat' dir='ltr'>ad</span> <span class='ocrx_word' id='word_1_45' title='bbox 595 488 761 527; x_wconf 88' lang='lat' dir='ltr'>Patrum</span> <span class='ocrx_word' id='word_1_46' title='bbox 803 484 1112 527; x_wconf 85' lang='lat' dir='ltr'>Cruciferorum</span> <span class='ocrx_word' id='word_1_47' title='bbox 1154 486 1328 538; x_wconf 81' lang='lat' dir='ltr'>aedem,</span> <span class='ocrx_word' id='word_1_48' title='bbox 1374 486 1493 541; x_wconf 68' lang='lat' dir='ltr'>vulgo</span> <span class='ocrx_word' id='word_1_49' title='bbox 1524 492 1542 531; x_wconf 80' lang='lat' dir='ltr'>i</span> <span class='ocrx_word' id='word_1_50' title='bbox 1577 487 1708 527; x_wconf 81' lang='lat' dir='ltr'>Man-</span> 
     </span>
     <span class='ocr_line' id='line_1_8' title="bbox 333 533 1708 602; baseline 0 -20"><span class='ocrx_word' id='word_1_51' title='bbox 333 547 432 584; x_wconf 78' lang='lat' dir='ltr'>nesi.</span> <span class='ocrx_word' id='word_1_52' title='bbox 467 542 589 585; x_wconf 73' lang='lat' dir='ltr'>Extat</span> <span class='ocrx_word' id='word_1_53' title='bbox 621 558 801 586; x_wconf 86' lang='lat' dir='ltr'>marmor</span> <span class='ocrx_word' id='word_1_54' title='bbox 822 533 1006 602; x_wconf 66' lang='lat' dir='ltr'>Neapoli</span> <span class='ocrx_word' id='word_1_55' title='bbox 1040 560 1060 584; x_wconf 86' lang='lat' dir='ltr'>a</span> <span class='ocrx_word' id='word_1_56' title='bbox 1096 545 1305 595; x_wconf 63' lang='lat' dir='ltr'>on-dano,</span> <span class='ocrx_word' id='word_1_57' title='bbox 1356 545 1528 602; x_wconf 80' lang='lat' dir='ltr'>Capacio</span> <span class='ocrx_word' id='word_1_58' title='bbox 1549 577 1560 597; x_wconf 79' lang='lat'>,</span> <span class='ocrx_word' id='word_1_59' title='bbox 1610 543 1708 584; x_wconf 80' lang='lat' dir='ltr'>aliis-</span> 
     </span>
    </p>
   </div>
   <div class='ocr_carea' id='block_1_2' title="bbox 333 601 1705 704">
    <p class='ocr_par' dir='ltr' id='par_1_3' title="bbox 333 601 1705 704">
     <span class='ocr_line' id='line_1_9' title="bbox 333 601 1705 665; baseline 0.001 -24"><span class='ocrx_word' id='word_1_60' title='bbox 333 617 412 658; x_wconf 91' lang='lat' dir='ltr'>que</span> <span class='ocrx_word' id='word_1_61' title='bbox 445 603 584 659; x_wconf 66' lang='lat' dir='ltr'>pataiis</span> <span class='ocrx_word' id='word_1_62' title='bbox 624 601 890 658; x_wconf 80' lang='lat' dir='ltr'>scriptoribus</span> <span class='ocrx_word' id='word_1_63' title='bbox 925 604 1169 657; x_wconf 79' lang='lat' dir='ltr'>recitatum,</span> <span class='ocrx_word' id='word_1_64' title='bbox 1202 619 1249 650; x_wconf 77' lang='lat' dir='ltr'>ex</span> <span class='ocrx_word' id='word_1_65' title='bbox 1283 617 1365 665; x_wconf 82' lang='lat' dir='ltr'>quo</span> <span class='ocrx_word' id='word_1_66' title='bbox 1398 605 1502 647; x_wconf 82' lang='lat' dir='ltr'>hanc</span> <span class='ocrx_word' id='word_1_67' title='bbox 1525 603 1705 645; x_wconf 83' lang='lat' dir='ltr'>Eumeli-</span> 
     </span>
     <span class='ocr_line' id='line_1_10' title="bbox 333 661 1240 704; baseline -0.001 -3"><span class='ocrx_word' id='word_1_68' title='bbox 333 661 477 702; x_wconf 81' lang='lat' dir='ltr'>darum</span> <span class='ocrx_word' id='word_1_69' title='bbox 515 661 746 704; x_wconf 86' lang='lat' dir='ltr'>Phratriam</span> <span class='ocrx_word' id='word_1_70' title='bbox 778 662 951 703; x_wconf 74' lang='lat' dir='ltr'>extitisse</span> <span class='ocrx_word' id='word_1_71' title='bbox 978 671 1133 703; x_wconf 82' lang='lat' dir='ltr'>certum</span> <span class='ocrx_word' id='word_1_72' title='bbox 1169 673 1240 702; x_wconf 89' lang='lat' dir='ltr'>est.</span> 
     </span>
    </p>
   </div>
   <div class='ocr_carea' id='block_1_3' title="bbox 147 718 1709 792">
    <p class='ocr_par' dir='ltr' id='par_1_4' title="bbox 147 718 1709 792">
     <span class='ocr_line' id='line_1_11' title="bbox 152 718 1709 791; baseline -0.021 -1"><span class='ocrx_word' id='word_1_73' title='bbox 152 725 335 791; x_wconf 42' lang='lat' dir='ltr'>”idid-anunm</span> <span class='ocrx_word' id='word_1_74' title='bbox 455 718 605 773; x_wconf 73' lang='lat' dir='ltr'>Quoad</span> <span class='ocrx_word' id='word_1_75' title='bbox 642 719 964 761; x_wconf 80' lang='lat' dir='ltr'>Eunostidarum</span> <span class='ocrx_word' id='word_1_76' title='bbox 999 720 1144 760; x_wconf 78' lang='lat' dir='ltr'><strong>attinet</strong></span> <span class='ocrx_word' id='word_1_77' title='bbox 1184 720 1415 760; x_wconf 83' lang='lat' dir='ltr'>Phratriam</span> <span class='ocrx_word' id='word_1_78' title='bbox 1450 719 1556 760; x_wconf 86' lang='lat' dir='ltr'>idem</span> <span class='ocrx_word' id='word_1_79' title='bbox 1607 721 1709 760; x_wconf 41' lang='lat' dir='ltr'>Mars</span> 
     </span>
     <span class='ocr_line' id='line_1_12' title="bbox 147 774 167 792; baseline 0 -6"><span class='ocrx_word' id='word_1_80' title='bbox 147 774 167 792; x_wconf 49' lang='lat'>5.</span> 
     </span>
    </p>
   </div>
   <div class='ocr_carea' id='block_1_4' title="bbox 252 773 1718 2348">
    <p class='ocr_par' dir='ltr' id='par_1_5' title="bbox 252 773 1714 1405">
     <span class='ocr_line' id='line_1_13' title="bbox 252 773 1710 831; baseline -0.001 -13"><span class='ocrx_word' id='word_1_81' title='bbox 252 773 285 788; x_wconf 70' lang='lat'>‘¹¹&#39;</span> <span class='ocrx_word' id='word_1_82' title='bbox 335 778 517 818; x_wconf 85' lang='lat' dir='ltr'>torellius</span> <span class='ocrx_word' id='word_1_83' title='bbox 567 792 655 830; x_wconf 79' lang='lat' dir='ltr'>pag.</span> <span class='ocrx_word' id='word_1_84' title='bbox 696 778 776 819; x_wconf 81' lang='lat'>663</span> <span class='ocrx_word' id='word_1_85' title='bbox 819 786 917 817; x_wconf 86' lang='lat' dir='ltr'>tom.</span> <span class='ocrx_word' id='word_1_86' title='bbox 956 777 1008 819; x_wconf 86' lang='lat' dir='ltr'>II.</span> <span class='ocrx_word' id='word_1_87' title='bbox 1040 778 1274 831; x_wconf 79' lang='lat' dir='ltr'>coniectat,</span> <span class='ocrx_word' id='word_1_88' title='bbox 1308 778 1553 823; x_wconf 78' lang='lat' dir='ltr'>Eunostidas</span> <span class='ocrx_word' id='word_1_89' title='bbox 1598 778 1710 817; x_wconf 77' lang='lat' dir='ltr'>casti-</span> 
     </span>
     <span class='ocr_line' id='line_1_14' title="bbox 333 834 1714 891; baseline 0 -15"><span class='ocrx_word' id='word_1_90' title='bbox 333 836 423 877; x_wconf 83' lang='lat' dir='ltr'>tatis</span> <span class='ocrx_word' id='word_1_91' title='bbox 446 867 458 885; x_wconf 81' lang='grc'>,</span> <span class='ocrx_word' id='word_1_92' title='bbox 492 834 791 891; x_wconf 77' lang='lat' dir='ltr'>pudicitiaeque</span> <span class='ocrx_word' id='word_1_93' title='bbox 820 836 947 878; x_wconf 66' lang='lat' dir='ltr'>,tutius</span> <span class='ocrx_word' id='word_1_94' title='bbox 979 835 1199 879; x_wconf 73' lang='lat' dir='ltr'>servandae</span> <span class='ocrx_word' id='word_1_95' title='bbox 1231 851 1347 878; x_wconf 81' lang='lat' dir='ltr'>causa</span> <span class='ocrx_word' id='word_1_96' title='bbox 1381 838 1547 879; x_wconf 81' lang='lat' dir='ltr'>seorsim</span> <span class='ocrx_word' id='word_1_97' title='bbox 1575 836 1614 876; x_wconf 88' lang='lat' dir='ltr'>in</span> <span class='ocrx_word' id='word_1_98' title='bbox 1650 850 1714 877; x_wconf 61' lang='lat' dir='ltr'>ur«</span> 
     </span>
     <span class='ocr_line' id='line_1_15' title="bbox 329 894 1713 951; baseline -0.002 -14"><span class='ocrx_word' id='word_1_99' title='bbox 329 896 390 937; x_wconf 84' lang='lat' dir='ltr'>bis</span> <span class='ocrx_word' id='word_1_100' title='bbox 425 894 624 935; x_wconf 79' lang='lat' dir='ltr'>habitasse</span> <span class='ocrx_word' id='word_1_101' title='bbox 655 894 902 951; x_wconf 79' lang='lat' dir='ltr'>pomoeriO‚</span> <span class='ocrx_word' id='word_1_102' title='bbox 937 895 1075 951; x_wconf 85' lang='lat' dir='ltr'>ibique</span> <span class='ocrx_word' id='word_1_103' title='bbox 1106 895 1147 935; x_wconf 90' lang='lat' dir='ltr'>in</span> <span class='ocrx_word' id='word_1_104' title='bbox 1181 894 1276 936; x_wconf 90' lang='lat' dir='ltr'>luco</span> <span class='ocrx_word' id='word_1_105' title='bbox 1307 896 1562 937; x_wconf 83' lang='lat' dir='ltr'>consenuisse</span> <span class='ocrx_word' id='word_1_106' title='bbox 1593 895 1713 949; x_wconf 81' lang='lat' dir='ltr'>virgi-</span> 
     </span>
     <span class='ocr_line' id='line_1_16' title="bbox 327 951 1711 1008; baseline -0.002 -13"><span class='ocrx_word' id='word_1_107' title='bbox 327 968 424 995; x_wconf 87' lang='lat' dir='ltr'>nes:</span> <span class='ocrx_word' id='word_1_108' title='bbox 465 952 640 1008; x_wconf 83' lang='lat' dir='ltr'>indeque</span> <span class='ocrx_word' id='word_1_109' title='bbox 672 952 860 1002; x_wconf 79' lang='lat' dir='ltr'>factum,</span> <span class='ocrx_word' id='word_1_110' title='bbox 897 962 943 993; x_wconf 82' lang='lat' dir='ltr'>ut</span> <span class='ocrx_word' id='word_1_111' title='bbox 972 952 1219 994; x_wconf 84' lang='lat' dir='ltr'>suburbium</span> <span class='ocrx_word' id='word_1_112' title='bbox 1253 951 1479 997; x_wconf 84' lang='lat' dir='ltr'>hodiedum</span> <span class='ocrx_word' id='word_1_113' title='bbox 1501 968 1711 1008; x_wconf 80' lang='lat' dir='ltr'>nuncupa-</span> 
     </span>
     <span class='ocr_line' id='line_1_17' title="bbox 328 1009 1710 1066; baseline -0.004 -14"><span class='ocrx_word' id='word_1_114' title='bbox 328 1024 420 1053; x_wconf 82' lang='lat' dir='ltr'>tum</span> <span class='ocrx_word' id='word_1_115' title='bbox 454 1013 601 1066; x_wconf 79' lang='lat' dir='ltr'>Borgo</span> <span class='ocrx_word' id='word_1_116' title='bbox 637 1010 704 1051; x_wconf 82' lang='lat' dir='ltr'>de&#39;</span> <span class='ocrx_word' id='word_1_117' title='bbox 726 1009 914 1066; x_wconf 81' lang='lat' dir='ltr'>Vergini</span> <span class='ocrx_word' id='word_1_118' title='bbox 944 1010 997 1051; x_wconf 86' lang='lat' dir='ltr'>ab</span> <span class='ocrx_word' id='word_1_119' title='bbox 1029 1011 1354 1053; x_wconf 80' lang='lat' dir='ltr'>Eunostidarum</span> <span class='ocrx_word' id='word_1_120' title='bbox 1392 1012 1619 1066; x_wconf 83' lang='lat' dir='ltr'>virginitate</span> <span class='ocrx_word' id='word_1_121' title='bbox 1639 1026 1710 1051; x_wconf 74' lang='lat' dir='ltr'>no.-</span> 
     </span>
     <span class='ocr_line' id='line_1_18' title="bbox 325 1068 1714 1126; baseline -0.003 -13"><span class='ocrx_word' id='word_1_122' title='bbox 325 1086 421 1113; x_wconf 80' lang='lat' dir='ltr'>men</span> <span class='ocrx_word' id='word_1_123' title='bbox 455 1068 556 1110; x_wconf 89' lang='lat' dir='ltr'>illud</span> <span class='ocrx_word' id='word_1_124' title='bbox 591 1068 809 1126; x_wconf 86' lang='lat' dir='ltr'>usurparit.</span> <span class='ocrx_word' id='word_1_125' title='bbox 842 1069 911 1112; x_wconf 84' lang='lat' dir='ltr'>Ad</span> <span class='ocrx_word' id='word_1_126' title='bbox 945 1070 1023 1110; x_wconf 90' lang='lat' dir='ltr'>hoc</span> <span class='ocrx_word' id='word_1_127' title='bbox 1053 1068 1314 1126; x_wconf 84' lang='lat' dir='ltr'>probandum</span> <span class='ocrx_word' id='word_1_128' title='bbox 1349 1070 1450 1111; x_wconf 82' lang='lat' dir='ltr'>duas</span> <span class='ocrx_word' id='word_1_129' title='bbox 1481 1069 1601 1110; x_wconf 81' lang='lat' dir='ltr'>affert</span> <span class='ocrx_word' id='word_1_130' title='bbox 1649 1083 1714 1109; x_wconf 81' lang='lat' dir='ltr'>au-</span> 
     </span>
     <span class='ocr_line' id='line_1_19' title="bbox 326 1127 1708 1184; baseline -0.004 -13"><span class='ocrx_word' id='word_1_131' title='bbox 326 1130 535 1172; x_wconf 80' lang='lat' dir='ltr'>ctoritates</span> <span class='ocrx_word' id='word_1_132' title='bbox 566 1145 585 1169; x_wconf 89' lang='lat' dir='ltr'>a</span> <span class='ocrx_word' id='word_1_133' title='bbox 618 1127 838 1170; x_wconf 78' lang='lat' dir='ltr'>Plutarcho</span> <span class='ocrx_word' id='word_1_134' title='bbox 858 1159 871 1181; x_wconf 57' lang='lat'>,3</span> <span class='ocrx_word' id='word_1_135' title='bbox 905 1138 942 1169; x_wconf 82' lang='lat' dir='ltr'>et</span> <span class='ocrx_word' id='word_1_136' title='bbox 976 1128 1170 1169; x_wconf 69' lang='lat' dir='ltr'>Pausania</span> <span class='ocrx_word' id='word_1_137' title='bbox 1204 1128 1467 1184; x_wconf 78' lang='lat' dir='ltr'>depromptas</span> <span class='ocrx_word' id='word_1_138' title='bbox 1493 1159 1503 1179; x_wconf 89' lang='lat'>,</span> <span class='ocrx_word' id='word_1_139' title='bbox 1534 1128 1605 1182; x_wconf 80' lang='lat' dir='ltr'>qui</span> <span class='ocrx_word' id='word_1_140' title='bbox 1631 1128 1708 1166; x_wconf 79' lang='lat' dir='ltr'>vir-</span> 
     </span>
     <span class='ocr_line' id='line_1_20' title="bbox 327 1186 1708 1245; baseline -0.004 -16"><span class='ocrx_word' id='word_1_141' title='bbox 327 1191 460 1245; x_wconf 81' lang='lat' dir='ltr'>ginem</span> <span class='ocrx_word' id='word_1_142' title='bbox 481 1187 690 1245; x_wconf 81' lang='lat' dir='ltr'>quandam</span> <span class='ocrx_word' id='word_1_143' title='bbox 710 1187 895 1227; x_wconf 83' lang='lat' dir='ltr'>Boeotiae</span> <span class='ocrx_word' id='word_1_144' title='bbox 918 1186 1118 1227; x_wconf 81' lang='lat' dir='ltr'>celebrem</span> <span class='ocrx_word' id='word_1_145' title='bbox 1137 1186 1257 1227; x_wconf 86' lang='lat' dir='ltr'>fuisse</span> <span class='ocrx_word' id='word_1_146' title='bbox 1278 1186 1474 1227; x_wconf 82' lang='lat' dir='ltr'>scribunt.</span> <span class='ocrx_word' id='word_1_147' title='bbox 1494 1186 1548 1229; x_wconf 85' lang='lat' dir='ltr'>At</span> <span class='ocrx_word' id='word_1_148' title='bbox 1574 1189 1708 1238; x_wconf 82' lang='lat' dir='ltr'>Ignar-</span> 
     </span>
     <span class='ocr_line' id='line_1_21' title="bbox 327 1245 1711 1302; baseline -0.005 -12"><span class='ocrx_word' id='word_1_149' title='bbox 327 1264 369 1290; x_wconf 86' lang='lat' dir='ltr'>ra</span> <span class='ocrx_word' id='word_1_150' title='bbox 401 1247 698 1288; x_wconf 78' lang='lat' dir='ltr'>Martorellium</span> <span class='ocrx_word' id='word_1_151' title='bbox 735 1256 850 1302; x_wconf 85' lang='lat' dir='ltr'>putat</span> <span class='ocrx_word' id='word_1_152' title='bbox 882 1246 969 1285; x_wconf 86' lang='lat' dir='ltr'>heic</span> <span class='ocrx_word' id='word_1_153' title='bbox 1002 1259 1166 1300; x_wconf 89' lang='lat' dir='ltr'>prorsus</span> <span class='ocrx_word' id='word_1_154' title='bbox 1188 1245 1375 1299; x_wconf 79' lang='lat' dir='ltr'>insanire,</span> <span class='ocrx_word' id='word_1_155' title='bbox 1397 1246 1467 1301; x_wconf 87' lang='lat' dir='ltr'>qui</span> <span class='ocrx_word' id='word_1_156' title='bbox 1492 1259 1593 1285; x_wconf 71' lang='lat' dir='ltr'>nora</span> <span class='ocrx_word' id='word_1_157' title='bbox 1610 1259 1711 1284; x_wconf 62' lang='lat' dir='ltr'>sem&lt;</span> 
     </span>
     <span class='ocr_line' id='line_1_22' title="bbox 328 1303 1707 1363; baseline -0.004 -17"><span class='ocrx_word' id='word_1_158' title='bbox 328 1322 399 1363; x_wconf 84' lang='lat' dir='ltr'>per</span> <span class='ocrx_word' id='word_1_159' title='bbox 431 1305 576 1346; x_wconf 82' lang='lat' dir='ltr'>cudit:</span> <span class='ocrx_word' id='word_1_160' title='bbox 611 1305 845 1361; x_wconf 82' lang='lat' dir='ltr'>ceteroquin</span> <span class='ocrx_word' id='word_1_161' title='bbox 880 1303 1042 1359; x_wconf 60' lang='lat' dir='ltr'>‚Ignarra</span> <span class='ocrx_word' id='word_1_162' title='bbox 1074 1313 1231 1358; x_wconf 83' lang='lat' dir='ltr'>castOS,</span> <span class='ocrx_word' id='word_1_163' title='bbox 1265 1303 1520 1362; x_wconf 79' lang='lat' dir='ltr'>pudicosque</span> <span class='ocrx_word' id='word_1_164' title='bbox 1568 1303 1707 1343; x_wconf 48' lang='lat' dir='ltr'>Eunu,</span> 
     </span>
     <span class='ocr_line' id='line_1_23' title="bbox 328 1362 767 1405; baseline 0 0"><span class='ocrx_word' id='word_1_165' title='bbox 328 1364 449 1405; x_wconf 71' lang='lat' dir='ltr'>sudas</span> <span class='ocrx_word' id='word_1_166' title='bbox 481 1363 594 1405; x_wconf 79' lang='lat' dir='ltr'>haud</span> <span class='ocrx_word' id='word_1_167' title='bbox 627 1362 767 1405; x_wconf 67' lang='lat' dir='ltr'>credit·</span> 
     </span>
    </p>

    <p class='ocr_par' dir='ltr' id='par_1_6' title="bbox 329 1417 1715 1830">
     <span class='ocr_line' id='line_1_24' title="bbox 447 1417 1712 1477; baseline -0.005 -12"><span class='ocrx_word' id='word_1_168' title='bbox 447 1424 599 1477; x_wconf 77' lang='lat' dir='ltr'>Pelasgi</span> <span class='ocrx_word' id='word_1_169' title='bbox 630 1437 727 1464; x_wconf 87' lang='lat' dir='ltr'>vero</span> <span class='ocrx_word' id='word_1_170' title='bbox 760 1436 805 1462; x_wconf 81' lang='lat' dir='ltr'>ex</span> <span class='ocrx_word' id='word_1_171' title='bbox 837 1421 1008 1463; x_wconf 79' lang='lat' dir='ltr'>Graecia</span> <span class='ocrx_word' id='word_1_172' title='bbox 1053 1417 1221 1461; x_wconf 79' lang='lat' dir='ltr'>oriundi</span> <span class='ocrx_word' id='word_1_173' title='bbox 1270 1421 1422 1477; x_wconf 85' lang='lat' dir='ltr'>patrios</span> <span class='ocrx_word' id='word_1_174' title='bbox 1475 1421 1576 1468; x_wconf 75' lang='lat' dir='ltr'>ritus</span> <span class='ocrx_word' id='word_1_175' title='bbox 1599 1452 1612 1470; x_wconf 89' lang='lat'><strong><em>,</em></strong></span> <span class='ocrx_word' id='word_1_176' title='bbox 1667 1435 1712 1460; x_wconf 78' lang='lat' dir='ltr'>ae</span> 
     </span>
     <span class='ocr_line' id='line_1_25' title="bbox 329 1478 1715 1539; baseline -0.001 -18"><span class='ocrx_word' id='word_1_177' title='bbox 329 1481 546 1539; x_wconf 70' lang='lat' dir='ltr'>praecipue</span> <span class='ocrx_word' id='word_1_178' title='bbox 581 1482 757 1525; x_wconf 85' lang='lat' dir='ltr'>Eunosti</span> <span class='ocrx_word' id='word_1_179' title='bbox 789 1481 947 1522; x_wconf 89' lang='lat' dir='ltr'>cultum</span> <span class='ocrx_word' id='word_1_180' title='bbox 983 1478 1201 1533; x_wconf 81' lang='lat' dir='ltr'>Neapolim</span> <span class='ocrx_word' id='word_1_181' title='bbox 1228 1479 1426 1521; x_wconf 87' lang='lat' dir='ltr'>intulere:</span> <span class='ocrx_word' id='word_1_182' title='bbox 1462 1480 1559 1521; x_wconf 85' lang='lat' dir='ltr'>hinc</span> <span class='ocrx_word' id='word_1_183' title='bbox 1576 1482 1715 1520; x_wconf 76' lang='lat' dir='ltr'>Euno-</span> 
     </span>
     <span class='ocr_line' id='line_1_26' title="bbox 329 1538 1713 1596; baseline -0.003 -15"><span class='ocrx_word' id='word_1_184' title='bbox 329 1541 456 1581; x_wconf 86' lang='lat' dir='ltr'>stidac</span> <span class='ocrx_word' id='word_1_185' title='bbox 490 1540 586 1580; x_wconf 87' lang='lat' dir='ltr'>dicti</span> <span class='ocrx_word' id='word_1_186' title='bbox 612 1571 623 1592; x_wconf 87' lang='lat'>,</span> <span class='ocrx_word' id='word_1_187' title='bbox 659 1540 730 1596; x_wconf 84' lang='lat' dir='ltr'>qui</span> <span class='ocrx_word' id='word_1_188' title='bbox 763 1550 898 1596; x_wconf 87' lang='lat' dir='ltr'>postea</span> <span class='ocrx_word' id='word_1_189' title='bbox 932 1539 974 1579; x_wconf 79' lang='lat' dir='ltr'>in</span> <span class='ocrx_word' id='word_1_190' title='bbox 1019 1538 1119 1583; x_wconf 85' lang='lat' dir='ltr'>urbe</span> <span class='ocrx_word' id='word_1_191' title='bbox 1167 1539 1395 1579; x_wconf 79' lang='lat' dir='ltr'>Phratriam</span> <span class='ocrx_word' id='word_1_192' title='bbox 1447 1538 1675 1578; x_wconf 84' lang='lat' dir='ltr'>habuerunt</span> <span class='ocrx_word' id='word_1_193' title='bbox 1696 1554 1713 1585; x_wconf 68' lang='lat'>5</span> 
     </span>
     <span class='ocr_line' id='line_1_27' title="bbox 331 1596 1707 1656; baseline -0.003 -17"><span class='ocrx_word' id='word_1_194' title='bbox 331 1600 485 1656; x_wconf 80' lang='lat' dir='ltr'>quique</span> <span class='ocrx_word' id='word_1_195' title='bbox 515 1600 749 1640; x_wconf 88' lang='lat' dir='ltr'>Eunostum</span> <span class='ocrx_word' id='word_1_196' title='bbox 770 1629 780 1648; x_wconf 89' lang='lat'>‚</span> <span class='ocrx_word' id='word_1_197' title='bbox 814 1598 884 1653; x_wconf 88' lang='lat' dir='ltr'>qui</span> <span class='ocrx_word' id='word_1_198' title='bbox 916 1597 1100 1652; x_wconf 81' lang='lat' dir='ltr'>ipsorum</span> <span class='ocrx_word' id='word_1_199' title='bbox 1134 1596 1218 1638; x_wconf 80' lang='lat' dir='ltr'>dux</span> <span class='ocrx_word' id='word_1_200' title='bbox 1250 1598 1414 1647; x_wconf 78' lang='lat' dir='ltr'>fuerat,</span> <span class='ocrx_word' id='word_1_201' title='bbox 1473 1607 1517 1635; x_wconf 81' lang='lat' dir='ltr'>ut</span> <span class='ocrx_word' id='word_1_202' title='bbox 1573 1598 1707 1635; x_wconf 85' lang='lat' dir='ltr'>Deum</span> 
     </span>
     <span class='ocr_line' id='line_1_28' title="bbox 331 1653 1713 1711; baseline -0.004 -12"><span class='ocrx_word' id='word_1_203' title='bbox 331 1659 571 1708; x_wconf 85' lang='lat' dir='ltr'>coluerunt,</span> <span class='ocrx_word' id='word_1_204' title='bbox 606 1656 918 1711; x_wconf 79' lang='lat' dir='ltr'>Phratriamque</span> <span class='ocrx_word' id='word_1_205' title='bbox 950 1653 999 1694; x_wconf 88' lang='lat' dir='ltr'>ab</span> <span class='ocrx_word' id='word_1_206' title='bbox 1034 1654 1118 1693; x_wconf 90' lang='lat' dir='ltr'>eius</span> <span class='ocrx_word' id='word_1_207' title='bbox 1152 1664 1446 1708; x_wconf 86' lang='lat' dir='ltr'>nuncuparunt</span> <span class='ocrx_word' id='word_1_208' title='bbox 1466 1654 1644 1695; x_wconf 88' lang='lat' dir='ltr'>nomine.</span> <span class='ocrx_word' id='word_1_209' title='bbox 1665 1654 1713 1693; x_wconf 83' lang='lat' dir='ltr'>In</span> 
     </span>
     <span class='ocr_line' id='line_1_29' title="bbox 331 1711 1713 1771; baseline -0.004 -15"><span class='ocrx_word' id='word_1_210' title='bbox 331 1716 551 1771; x_wconf 79' lang='lat' dir='ltr'>&#39;Virginum</span> <span class='ocrx_word' id='word_1_211' title='bbox 584 1712 782 1755; x_wconf 80' lang='lat' dir='ltr'>suburbio</span> <span class='ocrx_word' id='word_1_212' title='bbox 811 1711 998 1770; x_wconf 89' lang='lat' dir='ltr'>pluribus</span> <span class='ocrx_word' id='word_1_213' title='bbox 1030 1711 1177 1753; x_wconf 83' lang='lat' dir='ltr'>abhinc</span> <span class='ocrx_word' id='word_1_214' title='bbox 1210 1713 1324 1753; x_wconf 89' lang='lat' dir='ltr'>annis</span> <span class='ocrx_word' id='word_1_215' title='bbox 1357 1713 1485 1752; x_wconf 81' lang='lat' dir='ltr'>multa</span> <span class='ocrx_word' id='word_1_216' title='bbox 1533 1711 1713 1768; x_wconf 79' lang='lat' dir='ltr'>antiqui-¹</span> 
     </span>
     <span class='ocr_line' id='line_1_30' title="bbox 333 1769 1714 1830; baseline -0.005 -14"><span class='ocrx_word' id='word_1_217' title='bbox 333 1775 425 1816; x_wconf 75' lang='lat' dir='ltr'>tatis</span> <span class='ocrx_word' id='word_1_218' title='bbox 458 1772 602 1814; x_wconf 84' lang='lat' dir='ltr'>rudera</span> <span class='ocrx_word' id='word_1_219' title='bbox 637 1783 794 1830; x_wconf 78' lang='lat' dir='ltr'>reperta</span> <span class='ocrx_word' id='word_1_220' title='bbox 825 1771 946 1818; x_wconf 80' lang='lat' dir='ltr'>fuisse</span> <span class='ocrx_word' id='word_1_221' title='bbox 977 1770 1164 1821; x_wconf 72' lang='lat' dir='ltr'>laudatus</span> <span class='ocrx_word' id='word_1_222' title='bbox 1198 1770 1320 1812; x_wconf 83' lang='lat' dir='ltr'>tradit</span> <span class='ocrx_word' id='word_1_223' title='bbox 1352 1772 1542 1825; x_wconf 82' lang='lat' dir='ltr'>lgnarra:</span> <span class='ocrx_word' id='word_1_224' title='bbox 1583 1769 1639 1810; x_wconf 87' lang='lat' dir='ltr'>ibi</span> <span class='ocrx_word' id='word_1_225' title='bbox 1672 1785 1714 1810; x_wconf 91' lang='lat' dir='ltr'>e-</span> 
     </span>
    </p>

    <p class='ocr_par' dir='ltr' id='par_1_7' title="bbox 285 1828 1718 2348">
     <span class='ocr_line' id='line_1_31' title="bbox 285 1828 1710 1888; baseline -0.004 -16"><span class='ocrx_word' id='word_1_226' title='bbox 285 1860 289 1863; x_wconf 56' lang='lat'><strong>&lt;</strong></span> <span class='ocrx_word' id='word_1_227' title='bbox 334 1835 418 1876; x_wconf 79' lang='lat' dir='ltr'>nim</span> <span class='ocrx_word' id='word_1_228' title='bbox 453 1831 567 1888; x_wconf 87' lang='lat' dir='ltr'>plura</span> <span class='ocrx_word' id='word_1_229' title='bbox 601 1839 866 1874; x_wconf 81' lang='lat' dir='ltr'>monumenta</span> <span class='ocrx_word' id='word_1_230' title='bbox 902 1830 942 1869; x_wconf 84' lang='lat' dir='ltr'>in</span> <span class='ocrx_word' id='word_1_231' title='bbox 976 1829 1247 1877; x_wconf 82' lang='lat' dir='ltr'>subterraneis</span> <span class='ocrx_word' id='word_1_232' title='bbox 1279 1828 1414 1874; x_wconf 78' lang='lat' dir='ltr'>adhuc</span> <span class='ocrx_word' id='word_1_233' title='bbox 1431 1829 1710 1879; x_wconf 55' lang='lat' dir='ltr'>adservant-uu</span> 
     </span>
     <span class='ocr_line' id='line_1_32' title="bbox 335 1885 1710 1950; baseline -0.006 -17"><span class='ocrx_word' id='word_1_234' title='bbox 335 1893 433 1950; x_wconf 86' lang='lat' dir='ltr'>quin</span> <span class='ocrx_word' id='word_1_235' title='bbox 469 1891 551 1933; x_wconf 84' lang='lat' dir='ltr'>imo</span> <span class='ocrx_word' id='word_1_236' title='bbox 584 1901 622 1931; x_wconf 83' lang='lat' dir='ltr'>et</span> <span class='ocrx_word' id='word_1_237' title='bbox 657 1889 864 1945; x_wconf 82' lang='lat' dir='ltr'>hypogaea</span> <span class='ocrx_word' id='word_1_238' title='bbox 898 1902 991 1928; x_wconf 86' lang='lat' dir='ltr'>cum</span> <span class='ocrx_word' id='word_1_239' title='bbox 1026 1886 1226 1944; x_wconf 84' lang='lat' dir='ltr'>lapidibus</span> <span class='ocrx_word' id='word_1_240' title='bbox 1245 1885 1456 1929; x_wconf 80' lang='lat' dir='ltr'>erutlerata</span> <span class='ocrx_word' id='word_1_241' title='bbox 1470 1903 1552 1929; x_wconf 88' lang='lat' dir='ltr'>esse</span> <span class='ocrx_word' id='word_1_242' title='bbox 1571 1886 1710 1931; x_wconf 84' lang='lat' dir='ltr'>scribit</span> 
     </span>
     <span class='ocr_line' id='line_1_33' title="bbox 335 1946 1715 1999; baseline -0.005 -8"><span class='ocrx_word' id='word_1_243' title='bbox 335 1951 445 1991; x_wconf 87' lang='lat' dir='ltr'>idem</span> <span class='ocrx_word' id='word_1_244' title='bbox 476 1960 633 1989; x_wconf 87' lang='lat' dir='ltr'>auctor·</span> <span class='ocrx_word' id='word_1_245' title='bbox 669 1951 790 1994; x_wconf 89' lang='lat' dir='ltr'>Anno</span> <span class='ocrx_word' id='word_1_246' title='bbox 823 1946 1082 1989; x_wconf 84' lang='lat' dir='ltr'>MDCCXC.</span> <span class='ocrx_word' id='word_1_247' title='bbox 1114 1955 1222 1988; x_wconf 80' lang='lat' dir='ltr'>extra</span> <span class='ocrx_word' id='word_1_248' title='bbox 1257 1948 1309 1989; x_wconf 88' lang='lat' dir='ltr'>D.</span> <span class='ocrx_word' id='word_1_249' title='bbox 1341 1946 1516 1996; x_wconf 84' lang='lat' dir='ltr'>Ianuarii</span> <span class='ocrx_word' id='word_1_250' title='bbox 1553 1954 1715 1999; x_wconf 88' lang='lat' dir='ltr'>portam</span> 
     </span>
     <span class='ocr_line' id='line_1_34' title="bbox 337 2002 1713 2061; baseline -0.005 -11"><span class='ocrx_word' id='word_1_251' title='bbox 337 2022 535 2061; x_wconf 82' lang='lat' dir='ltr'>cameram</span> <span class='ocrx_word' id='word_1_252' title='bbox 559 2007 706 2048; x_wconf 76' lang='lat' dir='ltr'>vidisse</span> <span class='ocrx_word' id='word_1_253' title='bbox 726 2016 896 2047; x_wconf 87' lang='lat' dir='ltr'>testatur</span> <span class='ocrx_word' id='word_1_254' title='bbox 919 2007 958 2047; x_wconf 89' lang='lat' dir='ltr'>in</span> <span class='ocrx_word' id='word_1_255' title='bbox 978 2005 1157 2061; x_wconf 83' lang='lat' dir='ltr'>quodam</span> <span class='ocrx_word' id='word_1_256' title='bbox 1175 2005 1438 2047; x_wconf 87' lang='lat' dir='ltr'>subterraneo</span> <span class='ocrx_word' id='word_1_257' title='bbox 1458 2002 1713 2061; x_wconf 79' lang='lat' dir='ltr'>quadratam,</span> 
     </span>
     <span class='ocr_line' id='line_1_35' title="bbox 338 2061 1715 2122; baseline -0.004 -14"><span class='ocrx_word' id='word_1_258' title='bbox 338 2066 619 2122; x_wconf 83' lang='lat' dir='ltr'>columnisque</span> <span class='ocrx_word' id='word_1_259' title='bbox 650 2067 691 2107; x_wconf 87' lang='lat' dir='ltr'>in</span> <span class='ocrx_word' id='word_1_260' title='bbox 725 2064 912 2109; x_wconf 89' lang='lat' dir='ltr'>ordinem</span> <span class='ocrx_word' id='word_1_261' title='bbox 946 2063 1148 2118; x_wconf 85' lang='lat' dir='ltr'>dispositis</span> <span class='ocrx_word' id='word_1_262' title='bbox 1180 2062 1422 2109; x_wconf 79' lang='lat' dir='ltr'>suffultam:</span> <span class='ocrx_word' id='word_1_263' title='bbox 1471 2064 1512 2102; x_wconf 90' lang='lat' dir='ltr'>in</span> <span class='ocrx_word' id='word_1_264' title='bbox 1546 2061 1715 2105; x_wconf 58' lang='lat' dir='ltr'>intereo&lt;</span> 
     </span>
     <span class='ocr_line' id='line_1_36' title="bbox 338 2116 1713 2180; baseline -0.006 -13"><span class='ocrx_word' id='word_1_265' title='bbox 338 2116 504 2167; x_wconf 79' lang='lat' dir='ltr'>lumniis</span> <span class='ocrx_word' id='word_1_266' title='bbox 539 2125 686 2180; x_wconf 82' lang='lat' dir='ltr'>reperti</span> <span class='ocrx_word' id='word_1_267' title='bbox 718 2133 816 2163; x_wconf 86' lang='lat' dir='ltr'>sunt</span> <span class='ocrx_word' id='word_1_268' title='bbox 847 2120 969 2162; x_wconf 89' lang='lat' dir='ltr'>loculi</span> <span class='ocrx_word' id='word_1_269' title='bbox 1001 2135 1124 2176; x_wconf 83' lang='lat' dir='ltr'>supra</span> <span class='ocrx_word' id='word_1_270' title='bbox 1153 2119 1290 2165; x_wconf 76' lang='lat' dir='ltr'>solum</span> <span class='ocrx_word' id='word_1_271' title='bbox 1321 2131 1527 2170; x_wconf 84' lang='lat' dir='ltr'>extantes,</span> <span class='ocrx_word' id='word_1_272' title='bbox 1564 2120 1604 2160; x_wconf 89' lang='lat' dir='ltr'>in</span> <span class='ocrx_word' id='word_1_273' title='bbox 1626 2120 1713 2177; x_wconf 76' lang='lat' dir='ltr'>qui-</span> 
     </span>
     <span class='ocr_line' id='line_1_37' title="bbox 345 2179 1718 2234; baseline -0.004 -10"><span class='ocrx_word' id='word_1_274' title='bbox 345 2184 421 2225; x_wconf 87' lang='lat' dir='ltr'>bus</span> <span class='ocrx_word' id='word_1_275' title='bbox 452 2183 731 2223; x_wconf 77' lang='lat' dir='ltr'>humanorum</span> <span class='ocrx_word' id='word_1_276' title='bbox 762 2180 911 2222; x_wconf 85' lang='lat' dir='ltr'>ossium</span> <span class='ocrx_word' id='word_1_277' title='bbox 944 2192 1153 2234; x_wconf 82' lang='lat' dir='ltr'>compages</span> <span class='ocrx_word' id='word_1_278' title='bbox 1187 2179 1382 2221; x_wconf 84' lang='lat' dir='ltr'>iacebant.</span> <span class='ocrx_word' id='word_1_279' title='bbox 1415 2179 1582 2221; x_wconf 83' lang='lat' dir='ltr'>Adhaec</span> <span class='ocrx_word' id='word_1_280' title='bbox 1635 2193 1718 2219; x_wconf 80' lang='lat' dir='ltr'>nar-</span> 
     </span>
     <span class='ocr_line' id='line_1_38' title="bbox 349 2236 1715 2294; baseline -0.006 -10"><span class='ocrx_word' id='word_1_281' title='bbox 349 2254 410 2291; x_wconf 71' lang='lat' dir='ltr'>rat</span> <span class='ocrx_word' id='word_1_282' title='bbox 441 2255 547 2283; x_wconf 89' lang='lat' dir='ltr'>anno</span> <span class='ocrx_word' id='word_1_283' title='bbox 580 2239 856 2285; x_wconf 84' lang='lat' dir='ltr'>MDCCLIX.</span> <span class='ocrx_word' id='word_1_284' title='bbox 889 2237 964 2279; x_wconf 90' lang='lat' dir='ltr'>sub</span> <span class='ocrx_word' id='word_1_285' title='bbox 996 2236 1162 2279; x_wconf 84' lang='lat' dir='ltr'>aedibus</span> <span class='ocrx_word' id='word_1_286' title='bbox 1194 2240 1271 2280; x_wconf 89' lang='lat' dir='ltr'>PP.</span> <span class='ocrx_word' id='word_1_287' title='bbox 1307 2238 1507 2286; x_wconf 85' lang='lat' dir='ltr'>Missionis</span> <span class='ocrx_word' id='word_1_288' title='bbox 1533 2237 1576 2290; x_wconf 77' lang='lat' dir='ltr'>S.</span> <span class='ocrx_word' id='word_1_289' title='bbox 1599 2236 1715 2294; x_wconf 56' lang='lat' dir='ltr'>§sin-</span> 
     </span>
     <span class='ocr_line' id='line_1_39' title="bbox 348 2296 1714 2348; baseline -0.006 -4"><span class='ocrx_word' id='word_1_290' title='bbox 348 2300 468 2345; x_wconf 72' lang='lat' dir='ltr'>cemii</span> <span class='ocrx_word' id='word_1_291' title='bbox 489 2300 550 2342; x_wconf 69' lang='lat' dir='ltr'>⁴de</span> <span class='ocrx_word' id='word_1_292' title='bbox 582 2301 709 2346; x_wconf 85' lang='lat' dir='ltr'>Paulo</span> <span class='ocrx_word' id='word_1_293' title='bbox 742 2296 973 2348; x_wconf 81' lang='lat' dir='ltr'>aedificium</span> <span class='ocrx_word' id='word_1_294' title='bbox 1005 2296 1125 2339; x_wconf 83' lang='lat' dir='ltr'>fuisse</span> <span class='ocrx_word' id='word_1_295' title='bbox 1156 2296 1629 2348; x_wconf 66' lang='lat' dir='ltr'>detectum&#39;aliu&#39;d‘c&#39;um</span> <span class='ocrx_word' id='word_1_296' title='bbox 1652 2309 1714 2337; x_wconf 75' lang='lat' dir='ltr'>co·</span> 
     </span>
    </p>
   </div>
  </div>
 </body>
</html>
