1920 2579
1499 151 1552 192 26

199 210 438 267 exemplum
477 209 608 250 fuerat
651 216 840 248 secutus:
890 221 1026 248 everso
1086 204 1323 246 Mithridate
1352 235 1366 253 ,
1416 167 1581 264 εἰυεᾳυζ

199 269 383 327 potentia
407 299 419 318 ,
451 266 645 307 audacior
679 265 835 305 sactus:
878 264 1073 305 Lucullus
1107 264 1175 321 qui
1209 263 1339 304 eidem
1390 267 1579 308 successit

195 329 238 370 in
272 326 379 368 bello
398 357 416 377 ,1
449 323 761 379 Rempublicam
794 323 914 378 magis
947 321 1152 377 perdidit,
1184 332 1225 362 et
1258 321 1423 363 tandem
1475 323 1575 365 Cae-

196 401 291 436 sar,
325 386 396 441 qui
434 381 586 426 Gallias
617 379 884 439 perdomuit,
933 379 1245 437 Rempublicarn
1298 381 1470 421 omnino
1516 381 1580 425 de-

201 445 376 486 struxit.

312 500 522 554 Voluptas
555 496 703 541 deinde
734 497 1022 553 temperantiae
1052 506 1332 547 successerat,
1362 504 1403 536 et
1447 497 1577 541 otium

195 558 338 601 labori.
373 557 435 598 Ex
470 567 586 612 eopte
619 567 802 612 tempore
831 555 995 599 videtur
1018 554 1118 598 alios
1150 570 1236 597 esse
1251 554 1465 597 Romanos
1485 587 1496 609 ‚
1541 568 1580 600 et

198 617 371 659 omnino
404 615 638 657 differentes
669 614 719 655 ab
751 614 943 671 antiquis.
973 613 1033 656 Re
1062 628 1157 655 sane
1188 627 1282 654 vera
1337 613 1484 655 sensim
1517 630 1579 656 re-

198 689 294 718 rum
328 672 432 716 ordo
465 673 542 714 fuit
577 682 789 716 mutatus:
820 672 970 725 duces,
1003 681 1043 713 et
1077 671 1277 713 Consules
1321 669 1460 728 populi
1493 673 1579 714 suf-

199 733 322 787 fragia
355 731 544 774 emebant
564 764 578 784 ,
615 743 654 774 et
685 732 737 773 ad
770 747 856 773 eam
889 730 1127 786 dignitatem
1160 728 1269 771 haud
1290 729 1577 786 perveniebant

199 792 277 834 nisi
309 805 379 847 per
413 791 631 847 pecuniam
651 823 664 842 ,
694 800 765 832 aut
800 789 850 830 ad
883 789 1036 831 bellum
1068 787 1206 838 ibant,
1240 803 1325 845 quo
1358 789 1574 830 nationum

201 850 426 906 arriperent
455 849 619 905 spolia,
659 860 781 906 atque
820 849 1043 904 provincias
1075 845 1387 903 popularentur.
1423 847 1484 889 Ex
1527 861 1575 888 eo

200 908 297 948 hinc
330 906 480 947 factum
500 938 514 957 ‚
545 917 591 947 ut
621 907 756 965 plures
789 905 910 949 duces
941 905 1220 962 Consulesque
1251 904 1408 949 divitias
1438 905 1580 962 acqui-

206 974 341 1007 rerent
372 979 601 1008 immensas.

324 1024 377 1064 Hi
410 1024 531 1078 igitur
563 1024 722 1079 magni,
764 1033 897 1079 >atque
929 1023 1004 1067 viri
1049 1021 1253 1079 principes
1299 1021 1466 1063 fuerunt
1522 1021 1578 1063 illi

202 1080 326 1123 iidem
358 1082 428 1138 qui
461 1095 483 1121 a
514 1081 737 1123 maioribus
771 1081 1055 1135 degenerantes
1086 1091 1166 1119 tam
1201 1080 1438 1133 frugalitatis
1470 1095 1577 1119 ama-

205 1139 392 1190 toribus,
428 1139 650 1179 immensos
688 1139 897 1178 thesauros
930 1137 1220 1193 depraedantes
1242 1167 1255 1186 ‚
1292 1148 1414 1192 atque
1438 1151 1578 1177 omnes

201 1197 470 1238 Asiaticarum
501 1197 682 1251 gentium
714 1195 872 1236 divitias
902 1195 1208 1236 introducentes
1229 1226 1240 1246 ‚
1276 1195 1480 1251 populatis
1517 1210 1579 1236 re-

202 1254 288 1308 gnis
308 1290 324 1309 ,
357 1268 509 1295 novum
541 1255 646 1295 vitae
676 1269 801 1308 genus
836 1253 1071 1303 duxerunt,
1105 1253 1401 1309 Persarumque
1421 1253 1578 1308 Regum

203 1312 346 1354 luxum
377 1323 636 1367 superarunt.
666 1312 821 1355 Mirum
861 1311 1029 1366 quidem
1063 1321 1122 1351 est
1154 1310 1255 1352 illud
1275 1342 1287 1361 ,,
1335 1309 1448 1366 quod
1496 1327 1585 1353 nar-

205 1381 318 1412 ratur
347 1371 399 1411 ab
430 1369 753 1411 auctoribus‘de
783 1366 926 1411 Lucio‘
947 1368 1122 1411 Lucullo
1154 1368 1207 1410 ob
1229 1382 1386 1409 mensas
1406 1400 1418 1419 ,
1459 1379 1580 1426 atque

208 1427 351 1480 vil-las,
388 1439 426 1469 et
457 1429 659 1484 quantum
695 1426 747 1469 de
791 1427 861 1468 illo
893 1426 1160 1468 iudicandum
1193 1436 1252 1468 est
1274 1427 1323 1468 de
1345 1426 1458 1471 luxu.
1478 1428 1583 1469 Sub-

208 1498 420 1542 seq-nentes
453 1487 604 1538 duces,
637 1485 922 1542 Consulesque
951 1485 1132 1528 eiusdem
1164 1486 1347 1542 exempla
1379 1496 1474 1527 sunt
1521 1503 1580 1529 se-

210 1546 305 1585 cuti.
349 1545 458 1586 Hinc
506 1560 552 1585 ex
586 1559 633 1586 eo
660 1543 766 1584 facta
819 1555 877 1585 est
909 1558 1071 1585 morum
1104 1544 1279 1585 mutatio
1300 1575 1312 1594 ,
1364 1555 1404 1585 et
1435 1543 1580 1588 divites

208 1601 382 1643 Romani
431 1603 579 1644 sensim
629 1602 681 1644 ad
711 1602 807 1643 vitia
831 1601 992 1644 'maiora
1027 1613 1308 1660 perrexerunt,
1345 1613 1468 1658 atque
1498 1605 1578 1644 rui-

210 1675 319 1702 nam.
357 1661 574 1717 Pompeius
593 1692 607 1712 ,
663 1661 842 1714 Caesar,
872 1660 1020 1716 aliique
1051 1660 1227 1702 celebres
1258 1661 1332 1702 viri
1355 1661 1465 1702 haud
1498 1678 1583 1703 am—

148 1720 150 1723 ’
210 1719 315 1775 plius
348 1723 521 1775 antiquo
554 1722 658 1762 vitae
696 1735 839 1775 genere
869 1720 1116 1773 gaudentes,
1146 1718 1408 1774 Reipublicae
1439 1719 1583 1761 funda-

200 1789 348 1823 ¹menta
381 1788 559 1819 evertere
590 1789 685 1819 sunt
719 1779 865 1819 conati.
900 1779 1082 1820 Caesaris
1130 1777 1262 1818 fatum
1298 1793 1321 1818 a
1364 1779 1584 1820 coniuratis

211 1838 250 1875 in
286 1847 426 1877 senatu
460 1835 653 1878 effectum
674 1868 688 1887 ,
725 1847 764 1878 et
793 1836 1007 1878 Octaviani
1040 1837 1213 1891 Augusti
1246 1836 1296 1877 ad
1314 1834 1461 1877 solium
1495 1852 1580 1878 eve-

211 1896 290 1936 ctio
320 1895 521 1949 integrum
576 1910 713 1936 rerum
764 1904 915 1935 statum
953 1895 1138 1936 mutavit.
1172 1894 1412 1950 Respublica
1446 1910 1490 1936 ex
1534 1910 1581 1937 eo

211 1967 311 1995 aevo
343 1953 422 1994 fuit
449 1953 619 1994 omnino
654 1968 787 1996 eversa
807 1983 823 2003 ,
860 1963 899 1994 et
930 1953 1152 2011 Imperium
1170 1952 1393 1994 firmatum.
1425 1955 1580 2008 Negan-

211 2012 310 2053 dum
343 2010 454 2052 haud
492 2021 576 2063 est,
622 2013 722 2067 quin
770 2012 957 2067 princeps
1007 2013 1093 2068 ipse
1139 2013 1427 2056 Romanorum
1460 2012 1579 2054 fuerit

207 2071 409 2112 maximus
439 2070 765 2124 Imperatorum‘‚
798 2070 963 2126 eiusque
995 2070 1271 2125 gubernamen
1303 2070 1457 2125 Regum
1490 2086 1579 2112 om—

207 2145 323 2170 mum
357 2129 479 2169 fuerit
513 2142 668 2171 norma.
703 2127 982 2170 plurimorum
1013 2129 1312 2185 Imperatorum
1344 2131 1573 2182 successio,

209 2188 280 2242 qui
331 2202 436 2229 unns
487 2197 578 2243 post
625 2188 723 2228 alios
771 2186 970 2228 dominati
1002 2187 1148 2240 fuere,
1200 2188 1292 2229 satis
1324 2187 1577 2230 demonstrat

206 2256 409 2300 quantum
439 2245 569 2287 Roma
606 2245 751 2288 iisdem
787 2245 912 2286 fuerit
941 2245 1142 2298 subiecta,
1185 2257 1225 2288 et
1276 2246 1442 2304 Imperii
1492 2262 1576 2288 ma-

209 2303 409 2358 gnitudo,
443 2313 482 2346 et
510 2314 692 2347 senectus
723 2306 808 2362 ipsa
848 2304 925 2347 hoc
960 2320 1154 2362 magnum
1201 2308 1428 2363 Imperium
1475 2322 1578 2349 ever-

1245 2366 1259 2380 ἱ
