1920 2579
342 131 425 159 2¹0

345 174 576 229 teiligeudos
599 208 610 225 ‚
644 174 754 216 haud
789 190 884 217 vero
915 174 965 217 de
995 175 1266 233 Neapolitano
1300 176 1433 219 Circo.
1468 179 1622 219 Verum
1645 179 1715 221 bod

341 248 393 274 na
428 249 522 288 paee
554 232 884 291 huiuspraeclari
916 235 1005 280 Viri
1041 252 1087 278 ex
1118 236 1319 295 lapidibus
1350 236 1591 293 quibusdam
1612 239 1713 278 Nea-

343 292 560 348 politanis,
594 308 696 349 quos
716 294 802 335 heic
836 294 1001 336 recitare
1030 311 1191 352 possem
1212 327 1224 345 ‚
1257 299 1470 351 arguitur,
1505 312 1548 336 ex
1599 297 1715 337 variis

339 351 446 391 ludis
480 353 520 392 in
552 351 675 393 Circo
708 352 847 395 haberi
879 353 1004 396 solitis
1025 386 1037 408 ,
1069 355 1147 395 hoc
1183 347 1358 411 Neapoli
1391 354 1623 397 aedificium
1647 371 1712 396 ex-

333 409 469 450 titisse.
502 412 593 451 Hoc
624 411 742 452 etiam
795 413 1047 465 maximum,
1081 425 1119 454 et
1167 415 1335 469 longum
1381 412 1611 454 aedificium
1662 414 1714 455 ab

336 483 417 508 una
450 480 564 523 parte
596 471 635 509 in
670 470 959 526 hemicyclium
980 503 991 525 ,
1025 471 1076 512 ab
1110 472 1187 512 alia
1222 473 1261 512 in
1295 474 1442 513 lineum
1462 482 1612 514 rectam
1644 473 1713 514 de-

334 527 502 568 sinebat.
556 531 767 583 Quaenam
812 530 933 572 huius
982 541 1218 582 structura,
1265 530 1508 585 longitudo,
1556 532 1710 589 quique

332 584 419 626 ludi
443 617 455 636 ,
487 585 629 628 videsis
662 586 940 631 Romanarum
975 590 1268 645 antiquitatum
1306 590 1549 631 collectores.

451 644 616 687 Circum
652 648 770 687 etiam
803 648 1114 703 Hippodromus
1149 648 1224 687 fuit
1258 658 1532 701 nuncupatus,
1554 649 1707 705 quippe

330 702 499 759 quodin
530 704 597 745 illo
615 719 814 762 equorum
847 705 931 745 ludi
950 705 1255 761 peragebantur.
1279 705 1567 746 Dioscurorum
1605 708 1702 749 ima-

329 762 440 814 gines
473 763 513 802 in
546 763 667 803 Circo
702 764 844 813 fuere3
878 778 971 803 nam
1003 762 1161 816 Castor,
1182 774 1220 805 et
1250 762 1392 805 Pollux
1425 763 1548 804 veluti
1584 765 1706 807 huius

327 819 500 860 aedificii
533 822 722 861 tutelares
753 821 807 862 dii
841 822 967 865 fuere.
1002 821 1047 862 ln
1082 822 1160 864 hoc
1196 821 1366 878 agebant
1399 822 1701 873 athletae,cur-

328 891 467 932 sores,
520 880 709 936 pugiles,
759 890 798 920 et
829 879 1060 922 luctatores.
1093 883 1180 923 Nos
1228 882 1315 922 heic
1348 881 1510 923 interim
1550 897 1624 937 pro
1658 898 1702 925 re

325 947 419 977 nata
453 936 501 978 de
536 939 703 978 vetustis
734 939 1106 994 Neapolitanorum
1139 939 1245 981 ludis
1278 939 1398 981 verba
1433 940 1636 980 faciemus.

161 992 238 1019 “mh''
444 997 645 1037 Omnium
678 999 835 1054 primus
869 998 1047 1038 occurrit
1091 997 1214 1040 ludus
1259 996 1601 1054 Quinquennalis.
1642 999 1700 1039 Hi

321 1053 405 1094 ludi
441 1056 665 1109 nuncupati
699 1057 812 1096 suere
843 1055 893 1097 ab
927 1055 1175 1113 Olympiade
1207 1066 1379 1098 exeunte
1399 1088 1411 1106 ,
1453 1067 1601 1097 aestate
1630 1072 1696 1098 ce·

316 1112 463 1154 lebrari
497 1113 638 1164 soliti,
678 1124 716 1154 et
745 1124 945 1156 autumno
977 1114 1231 1156 adveniente.
1268 1113 1602 1170 Quinquennales
1634 1114 1695 1155 lu-

318 1170 357 1211 di
392 1172 563 1212 instituti
598 1173 710 1213 fuere
740 1173 782 1214 in
815 1173 989 1228 Augu‘sti
1026 1174 1254 1226 honorem,
1290 1183 1336 1213 ut
1366 1171 1504 1213 scribit
1551 1175 1692 1214 Sueto-

317 1231 408 1270 nius
442 1231 481 1271 in
516 1233 599 1272 eius
630 1231 708 1272 vita
740 1247 776 1275 c.
811 1234 863 1284 98
899 1232 1007 1274 ,Mox
1046 1231 1263 1288 Neapolim
1319 1231 1518 1281 traiecit,
1551 1244 1695 1288 quam-

318 1304 439 1344 quam
469 1299 509 1332 εἰ
538 1299 621 1332 tum
666 1291 828 1346 infirmis
867 1290 1072 1332 intestinis
1119 1293 1257 1334 morbo
1291 1291 1465 1332 variante
1488 1321 1500 1340 ,
1550 1300 1688 1333 tamen

318 1355 360 1388 et
394 1351 682 1404 quinquennale
715 1359 914 1391 certamen
949 1349 1182 1407 gymnicum
1219 1353 1436 1392 honon‘sao
1467 1354 1688 1391 institutum

315 1409 584 1463 pez-spectavit.
632 1411 690 1450 Ea
722 1408 943 1449 certamina
994 1423 1064 1464 per
1112 1409 1153 1450 id
1186 1408 1382 1464 temporis
1426 1408 1684 1449 celeberrima

315 1464 436 1507 fusse
466 1478 630 1522 patetex
663 1482 710 1509 eo
741 1466 854 1523 quod
884 1467 1033 1508 Statius
1065 1466 1161 1512 Silv.
1195 1467 1266 1508 lib.
1300 1466 1370 1509 III.
1402 1482 1433 1507 c.
1454 1466 1480 1510 5
1516 1482 1682 1509 uxorem

313 1533 359 1562 ut
391 1521 604 1579 NeapOlim
655 1541 676 1567 e
707 1526 836 1568 Roma
869 1525 1145 1581 regrediatur,
1181 1526 1361 1576 invitat,
1396 1525 1463 1567 ubi
1495 1541 1535 1566 ed
1584 1537 1682 1568 tunc

306 1581 626 1626 celebrabantur.
660 1585 715 1625 Et
746 1600 793 1625 eo
812 1600 874 1625 res
906 1585 1024 1624 rediit
1046 1616 1056 1634 ⁷
1092 1594 1136 1626 ut
1155 1585 1230 1640 ipsi
1253 1588 1522 1640 Imperatores
1546 1584 1681 1636 Quin-

306 1644 514 1693 quennalis
546 1643 841 1684 Duumviratus
873 1641 1110 1697 dignitatem
1149 1642 1328 1698 accipere
1361 1642 1459 1696 passi
1494 1640 1674 1683 fuerint:

307 1697 402 1738 binc
436 1710 542 1741 extat
574 1700 685 1757 apud
717 1703 911 1742 Lasenam
944 1716 978 1741 o.
1020 1702 1040 1741 8
1077 1708 1230 1741 vetusta
1256 1699 1514 1755 epigraphes,
1536 1714 1579 1738 ex
1597 1715 1677 1755 qua

303 1755 580 1799 Commodum
612 1760 904 1815 Imperatorem
939 1757 1111 1814 Neapoli
1143 1758 1220 1798 hoe
1253 1771 1422 1797 munere
1470 1755 1672 1799 donatum

301 1816 495 1868 arguitur.
530 1821 564 1857 A
598 1818 836 1858 Domitiano
886 1815 1028 1872 triplex
1074 1816 1393 1871 Quinquennale
1439 1814 1672 1858 institutum

298 1873 501 1915 Musieum
538 1891 683 1931 nempe
705 1908 719 1927 ,
756 1875 993 1930 Equestre,
1030 1883 1068 1915 et
1100 1874 1369 1930 Gymnieum.
1404 1875 1451 1916 Iu
1485 1873 1591 1914 hisce
1633 1889 1672 1915 e-

297 1932 384 1971 nim
416 1934 522 1974 ludis
551 1929 702 1976 fiebcint
732 1933 950 1975 certamina
972 1965 984 1983 ,
1017 1941 1163 1989 nempe
1193 1948 1287 1974 curn
1325 1931 1553 1975 oratoribus
1572 1946 1669 1987 poe-

297 2002 359 2031 tae
390 2007 472 2032 sese
505 1992 774 2044 exercebant,
808 2007 966 2034 necnon
1001 2002 1039 2033 et
1070 1990 1245 2034 musices
1276 2002 1362 2032 arte
1395 1988 1589 2046 pollentes
1608 1991 1671 2032 iu·

295 2063 444 2089 venes:
481 2053 635 2105 patricii
674 2067 766 2093 vero
802 2066 898 2092 cum
930 2052 1022 2091 solis
1053 2049 1344 2103 gladiatoribus
1377 2047 1598 2101 certabant,
1622 2061 1666 2090 ut

291 2107 419 2162 liquet
452 2124 497 2148 ex
529 2110 767 2166 Tranquillo
799 2108 838 2147 in
870 2107 1046 2149 Claudio
1079 2121 1112 2147 c.
1146 2108 1213 2148 30.

80 2180 271 2208 vtunorium.
413 2167 672 2209 Pancratium
705 2166 791 2208 ludi
821 2181 979 2222 genus,
1016 2164 1233 2213 ΠῦΎκΡᾶΠθν
1256 2195 1270 2216 ,
1307 2164 1348 2205 in
1402 2179 1483 2222 quo
1526 2164 1662 2206 adole-

295 2234 448 2265 scentes
480 2226 725 2281 pugnabant.
756 2225 834 2267 Hic
865 2236 1001 2266 autem
1032 2225 1154 2266 ludus
1203 2224 1365 2280 proprie
1414 2223 1660 2266 athletarum

289 2293 370 2324 erat
393 2314 405 2333 ,
439 2285 510 2339 qui
542 2285 709 2340 quidem
741 2283 932 2344 pluribus
961 2284 1230 2326 certaminum
1276 2280 1487 2337 generibus
1538 2282 1661 2332 dirui-⁴
