1920 2579
325 117 394 226 {3⁵
427 170 493 211 hic
530 165 754 211 hodiedum
794 167 990 210 salutatur
1044 166 1308 212 Grazzam'se.
1353 170 1512 213 Cereris
1557 171 1700 216 vicum·

325 244 492 286 quoque
521 226 572 269 ad
607 227 790 284 Capuam
826 227 1071 283 pertinuisse
1102 237 1301 284 putatur,
1336 229 1408 285 qui
1429 244 1539 270 nunc
1556 229 1608 272 ab
1629 246 1697 272 ac-

324 287 423 328 colis
454 286 605 327 dicitur
649 286 753 329 Casa
783 284 959 328 Cellolaz
999 285 1089 326 heic
1120 285 1219 327 olim
1251 297 1427 329 vetus-tas
1446 287 1618 331 fabricas
1638 290 1697 332 ef-

321 345 444 402 fossas
481 343 672 386 creditur.

115 405 202 439 &¹³⁴³
223 413 303 431 ΜΝ·
439 405 550 444 Haec
583 402 679 444 urbs
712 403 877 446 tandem
909 416 1019 445 nova
1050 418 1074 443 a
1106 403 1319 460 Campano
1341 402 1507 446 comite
1526 404 1694 447 Lando-

324 477 374 503 ne
407 461 485 503 suit
518 459 706 513 condita,
741 462 812 503 ubi
845 462 945 504 olim
976 472 1182 503 vetustum
1200 460 1441 518 adsurgebat
1461 462 1692 505 Casilinum

321 533 432 561 anno
461 517 730 562 DCCCLVI.
763 521 979 578 Temporis
1011 534 1226 577 progressu
1265 519 1432 562 celebris
1464 521 1588 562 evasit
1620 536 1697 564 arx

321 578 541 620 fortissima
561 609 575 628 ,
607 588 653 619 ut
683 592 793 621 nunc
823 579 1075 636 conspicitur
1096 610 1113 630 ,
1141 578 1242 620 dum
1272 593 1418 635 nempe
1451 588 1534 620 tota
1568 593 1694 622 muro

321 636 620 693 circumvallata
666 646 757 693 est,
805 648 844 679 et
876 638 1088 679 Vulturno
1120 637 1292 679 flumine
1323 637 1522 679 munitur.
1573 637 1697 680 Vrbs-

318 696 414 735 haec
447 695 564 736 variis
596 695 851 751 temporibus
884 697 1018 752 longas
1051 695 1129 737 fuit
1160 707 1325 753 experta
1354 694 1620 746 obsidionem
1648 705 1690 737 et

318 752 424 795 same
453 754 589 810 potius
619 752 699 793 fuit
729 764 873 810 capta,
906 769 1032 810 quam
1064 754 1201 794 armis.

734 863 1109 918 CAPUT
1180 865 1276 917 IV,

347 994 595 1040 Describitur
631 993 988 1051 Amphitheatrum
1027 998 1274 1051 Campanum
1292 1025 1304 1047 ,
1339 999 1402 1039 uti
1439 996 1654 1038 hodiedum

664 1057 824 1106 existit,
856 1056 982 1109 deque
1021 1058 1106 1096 eius
1129 1054 1325 1109 partibus.

427 1169 497 1211 Ad
530 1167 977 1226 magnificentissimum
1030 1167 1378 1227 amphitheatrum
1428 1167 1694 1228 Campa-num}

312 1227 627 1271 describendum
660 1243 770 1270 nunc
801 1228 1024 1269 veniamus.
1056 1230 1168 1270 Haec
1200 1228 1309 1270 enim
1339 1242 1362 1268 a
1395 1229 1615 1286 Campanis
1632 1231 1698 1286 ip-

312 1289 363 1328 sis
407 1287 576 1328 excitata
606 1286 734 1329 moles
764 1285 935 1329 aedificii
967 1287 1167 1329 maximae
1199 1287 1278 1328 fnit
1308 1285 1565 1329 oblectationi
1599 1287 1692 1346 (12).-

311 1346 445 1402 Ipsam
478 1357 615 1388 autem
645 1344 949 1388 celeberrimam
982 1345 1104 1387 fuisse
1135 1349 1340 1388 neminem
1390 1345 1577 1402 profecto
1624 1345 1684 1387 la-

310 1414 382 1445 tet.
414 1407 522 1446 Nam
552 1403 677 1449 hodie
707 1404 793 1446 eius
824 1404 973 1447 rudera
1006 1402 1130 1444 fidem
1162 1404 1297 1445 adhuc
1312 1403 1470 1445 faciunt
1516 1405 1695 1461 Campa-f

312 1478 384 1504 nae
416 1463 630 1505 maiestatis
654 1495 668 1514 ,
699 1477 804 1519 quae
835 1461 1003 1520 quidem
1035 1476 1252 1519 conspersa
1283 1462 1365 1503 hue
1397 1463 1493 1503 illuc
1523 1462 1693 1519 conspi-

312 1522 492 1565 ciuntur.
524 1523 581 1564 At
612 1521 910 1565 nihilhominus
939 1528 1073 1563 tantae
1104 1520 1426 1577 magnificentiae
1455 1519 1692 1563 aedificium·

412 1759 466 1802 (1)
492 1756 622 1793 Verbis
649 1756 750 1793 haud
773 1756 840 1793 diei
869 1762 998 1806 potest,
1026 1764 1205 1805 quantum
1224 1755 1432 1804 Campanus
1449 1754 1606 1805 populus
1627 1753 1691 1791 lur

315 1806 370 1842 dis
398 1806 620 1855 gladiatoriis
639 1807 747 1842 fuerit
773 1806 983 1842 delectatus.
1010 1806 1111 1842 Hanc
1138 1807 1184 1842 ob
1212 1817 1357 1841 causam
1383 1806 1531 1841 illorum
1557 1805 1596 1840 in
1623 1805 1684 1840 lu-

315 1857 376 1891 dos
404 1856 566 1891 studium
596 1869 637 1892 eo
663 1856 847 1906 pervenit,
877 1865 918 1892 ut
947 1855 1047 1892 nulla
1074 1867 1196 1892 mensa
1223 1854 1356 1890 lautior
1374 1855 1569 1891 haberetur
1587 1881 1598 1899 ,
1626 1855 1683 1889 ni-

312 1908 340 1940 si
368 1907 465 1955 paria
496 1905 735 1954 gladiatorum
763 1906 1044 1942 committerent.
1074 1905 1170 1941 Hinc
1208 1905 1406 1941 Patavinus
1445 1913 1574 1939 auctor
1612 1903 1687 1940 111„

312 1957 361 1989 tx
388 1969 416 1991 c.
444 1955 490 2001 [20
536 1954 581 1990 de
622 1955 815 2005 Campanis
843 1957 892 1992 sic
918 1956 1068 1991 indicat.
1112 1955 1293 2003 Campani
1335 1953 1383 1988 ab
1418 1951 1586 2002 superbia
1604 1978 1615 1996 ,
1641 1960 1678 1987 et

312 2007 396 2040 odio
435 2005 654 2041 Samnitium
687 2006 914 2055 gladiatores
946 2003 1087 2054 (quod
1123 2001 1371 2053 spectaculum
1421 2003 1513 2037 inter
1553 2000 1682 2050 epulas

314 2062 389 2091 erat
413 2056 429 2101 )
457 2067 499 2091 eo
525 2063 662 2091 ornata
686 2063 877 2092 armarant
894 2084 904 2100 ‚
932 2054 1222 2104 Samnitiumque
1260 2054 1404 2088 nomine
1429 2051 1677 2102 appellarunt„

315 2105 408 2139 Hinc
435 2117 473 2139 ex
500 2117 541 2141 eo
567 2106 746 2155 originem
775 2105 877 2141 duxit
903 2104 1010 2141 ludus
1038 2103 1271 2140 Samniticus.
1299 2101 1356 2138 Ad
1381 2102 1451 2138 hoc
1475 2113 1515 2138 ea
1543 2101 1678 2138 civitas

314 2154 580 2190 nobilissimum
607 2156 773 2193 excitavit
799 2154 1277 2204 amphitheatrum,circum
1294 2180 1305 2198 ‚
1354 2151 1582 2202 gymnasium
1603 2178 1613 2195 ‚
1642 2159 1679 2188 et

316 2203 381 2240 alia
410 2204 570 2251 aedificia
587 2232 599 2255 ,
626 2212 667 2245 ut
694 2218 822 2257 nempe
857 2205 953 2244 hisce
978 2204 1073 2244 ludis
1100 2202 1296 2251 identidem
1325 2202 1579 2247 delectaretur²
