1920 2579
1461 109 1533 149 171

159 161 324 213 pestate
359 149 471 195 haud
503 151 678 209 amplius
700 151 861 195 turbata
882 169 890 194 :
913 151 1020 196 bella
1041 161 1206 195 externa
1230 149 1378 207 ubique
1399 165 1510 208 gesta
1526 188 1536 208 ‚

161 223 201 256 et
232 221 352 268 capta
385 226 512 267 regna
547 210 770 252 fortissima
801 211 979 253 fuerunt.
1012 213 1079 254 Sic
1114 225 1192 251 nna
1230 211 1345 251 ltalia
1379 215 1534 255 eunctis

161 282 261 315 ωηο
301 269 491 325 gentibus
522 269 844 322 dominabatur,
892 285 992 326 pace
1028 267 1292 326 postmodum
1338 268 1416 309 illis
1449 285 1532 326 par-

161 340 215 372 ta.
255 329 537 369 Romanorum
568 342 666 368 vero
704 327 931 382 Imperium
958 343 1031 384 per
1066 330 1182 386 plura
1213 329 1325 368 stetit
1357 330 1532 371 saecula.

158 387 336 441 Vigente
375 383 598 440 Republica
632 387 781 427 summi
810 387 1048 428 claruerunt
1083 387 1196 435 viri,
1243 386 1314 440 qui
1364 384 1533 442 Imperii

158 459 362 487 summam
397 441 445 484 ad
488 442 714 484 maximum
733 444 1063 498 magnificentiae
1081 442 1334 486 adduxerunt
1366 453 1532 488 statum.

156 507 218 546 Eo
252 511 436 557 tempore
485 500 731 543 sanctissimi
775 502 925 560 ubique
961 501 1128 544 aderant
1164 517 1334 543 mores:
1387 511 1427 543 at
1462 518 1534 559 po-

157 571 243 605 stea
271 575 368 603 cum
400 557 677 601 Asiaticorum
717 558 882 605 divitiae
919 560 960 601 in
992 570 1197 613 agrestem
1253 560 1397 602 urbem
1438 561 1538 604 inla-

158 631 260 670 tae,
303 627 400 660 tunc
443 631 576 658 mores
609 618 776 660 omnino
817 620 973 661 mutati.
1010 621 1200 675 Augusto
1249 614 1537 664 Romanorum

155 678 392 723 moderante
431 674 654 731 Imperium
670 707 683 730 ‚
706 678 873 734 eiusque
895 678 1036 734 primis
1072 676 1397 730 successoribus,
1417 675 1535 721 luxus

154 750 354 796 perquam
383 749 561 785 magnus
604 734 758 777 Romae
810 736 1001 791 vigebat:
1055 736 1169 793 isque
1210 733 1259 775 ad
1309 735 1538 781 maximum

156 794 344 854 pervenit
378 791 563 848 gradum.
618 792 686 836 Sic
729 796 1016 836 Romanorum
1042 807 1107 835 res
1147 794 1301 835 sensim
1355 809 1534 840 eversae.

275 851 343 894 VI.
367 853 461 893 Post
480 852 794 894 Antoninorum
814 852 1191 910 splendidissimum
1215 852 1435 894 saeculum
1452 852 1530 896 Ro-

162 926 307 955 manae
340 925 403 950 res
439 910 567 963 magis
608 924 655 952 ac
690 911 824 967 magis
874 911 1093 953 effractae:
1132 926 1227 951 nam
1261 909 1534 966 Imperatores

158 969 439 1018 effoeminati,
474 978 514 1009 et
548 967 733 1010 crudeles
769 971 943 1011 Romam
976 978 1073 1011 tunc
1119 967 1314 1025 temporis
1360 968 1535 1011 admini-

159 1036 353 1071 strarant.
387 1026 594 1068 Successit
626 1037 768 1082 postea
802 1027 1094 1070 Constantinus
1112 1056 1123 1076 ,
1148 1026 1316 1081 eiusque
1341 1026 1426 1078 filii3
1446 1027 1532 1084 ipse

160 1087 387 1144 Imperium
418 1084 561 1126 iisdem
594 1085 755 1136 divisit,
810 1086 1007 1142 regnique
1040 1084 1177 1127 sedem
1228 1084 1269 1124 in
1314 1098 1467 1127 novam
1506 1101 1530 1129 a

157 1160 231 1188 suo
267 1144 432 1186 nomine
464 1142 612 1185 factam
647 1144 791 1185 urbem
829 1143 1048 1185 transtulit.
1083 1141 1275 1184 Barbaris
1306 1140 1408 1185 haec
1445 1143 1530 1201 pri-

156 1218 271 1246 mum
305 1216 427 1245 causa
462 1200 626 1243 Italiam
661 1201 878 1245 invadendi
931 1201 1036 1243 data.
1075 1200 1185 1243 Hinc
1239 1200 1439 1257 paulatim
1474 1216 1525 1249 ex

153 1258 539 1319 septentrionalibus
573 1259 697 1302 iidem
730 1259 989 1304 advenientes
1023 1259 1238 1316 partibus,
1268 1257 1377 1302 hanc
1395 1274 1520 1317 quon·

156 1325 252 1364 dam
284 1317 495 1360 dominam
515 1348 526 1369 ‚
562 1333 610 1360 ac
641 1319 828 1375 reginam
859 1319 955 1361 totis
975 1328 1182 1373 occupant
1219 1316 1389 1361 viribus.

275 1377 369 1419 VII.
408 1375 537 1417 Roma
567 1376 735 1417 maximi
785 1377 954 1432 Imperii
1006 1374 1119 1417 sedes
1153 1390 1227 1433 per
1281 1375 1528 1432 quingentos

155 1449 284 1479 annos
318 1451 341 1477 a
372 1433 496 1475 nullis
533 1434 620 1475 aliis
654 1434 839 1489 gentibus
902 1433 1098 1477 erturbari
1148 1441 1339 1490 poterat,
1378 1434 1456 1476 nisi
1501 1451 1526 1479 a

155 1494 320 1544 Persis,
369 1491 614 1549 quibuscum
645 1501 744 1536 tunc
776 1450 947 1536 assidpuis
995 1491 1229 1550 pugnabant
1261 1490 1418 1543 bellis,·
1450 1494 1522 1551 qui

153 1551 321 1612 quidem
349 1549 488 1592 hostes
523 1550 732 1592 fortissimi
771 1567 845 1608 per
875 1568 922 1594 ea
953 1550 1273 1594 aestimabantur
1303 1557 1515 1608 tempora:

156 1621 337 1655 attamen
366 1607 479 1651 haud
511 1610 744 1650 Romanum
776 1610 1004 1667 Imperium
1035 1624 1238 1665 occupare
1272 1617 1367 1650 sunt
1415 1611 1516 1652 ausi.

155 1668 352 1712 Germani
385 1682 470 1709 non
500 1668 625 1723 longe
658 1667 707 1710 ab
738 1668 855 1710 Italia
888 1667 1085 1718 aderant,
1118 1683 1218 1725 gens
1253 1666 1376 1710 armis
1409 1683 1520 1711 sem-

155 1743 230 1785 per
260 1724 453 1776 adsueta,
487 1741 534 1768 ac
570 1725 824 1769 felicissimas
857 1728 979 1770 Italas
1013 1727 1246 1784 provincias
1268 1735 1517 1784 expetentes,

154 1785 294 1827 statim
333 1800 380 1826 ac
416 1783 622 1825 Romanos
655 1784 863 1836 inermes,
894 1786 1117 1842 Imperium
1149 1784 1323 1828 divisum
1344 1794 1416 1834 ,et
1449 1784 1517 1828 du·

154 1859 223 1888 ces
256 1844 480 1900 inexpertes
513 1851 609 1884 sunt
638 1843 892 1899 conspicati,
913 1853 1066 1885 eosmet
1097 1842 1404 1900 adgrediuntur.
1438 1844 1517 1886 Ro-

153 1902 265 1945 mani
296 1910 395 1943 tunc
428 1898 615 1944 adversus
647 1903 951 1945 Germanorum
985 1901 1231 1959 irruptiones
1280 1902 1322 1944 in
1358 1901 1513 1946 vicinas

154 1961 297 2003 ltaliae
331 1959 581 2016 provincias,
619 1960 745 2017 opida
782 1959 1031 2004 validissima
1064 1992 1078 2012 ,
1130 1969 1170 2003 et
1217 1975 1358 2004 muros
1407 1961 1517 2004 ultra

151 2018 394 2062 Danubium
429 2017 659 2062 condidere.

265 2073 382 2119 VIil.
421 2076 483 2118 Eo
514 2087 698 2130 tempore
728 2077 973 2121 Aurelianus
1007 2076 1170 2135 Imperii
1214 2093 1417 2121 summam
1450 2093 1515 2121 oc-

151 2134 337 2189 cupabat.
387 2135 426 2178 Is
472 2135 579 2177 enim
613 2134 814 2181 Barbaros
859 2151 949 2179 suas
980 2138 1090 2179 intra
1122 2137 1233 2180 sedes
1264 2136 1514 2179 habitandos

153 2192 391 2236 cohibuerat
439 2193 677 2236 Danubium
728 2195 846 2240 ultra.
895 2196 953 2238 At
990 2195 1068 2253 ipsi
1111 2197 1284 2239 collecto
1331 2196 1509 2238 exercitu

149 2264 400 2309 permagno,
430 2252 610 2298 celeriter
641 2252 776 2301 Italiae
804 2265 962 2300 montes
991 2256 1247 2315 pervadunt,
1280 2256 1321 2299 in
1340 2268 1512 2312 eamque

1076 2317 1101 2344 t
