1961 2574
529 175 1249 256 PRAEFATIO

489 331 548 374 IN
585 295 926 372 CAMPANIAE
969 325 1292 370 REGIONEM.
1335 329 1340 332 ’

713 484 1070 504 w

199 694 280 767 ΙΝ
324 717 493 757 dubiam
525 714 782 760 vertentium
816 717 935 760 haud
964 718 1179 767 arbitror,
1220 714 1406 757 Italiam
1439 723 1573 755 terra·

199 791 293 817 rum
324 776 436 815 orbis
462 776 869 828 praeclarissimam
902 792 997 818 esse
1033 775 1274 831 regionem.
1307 773 1428 813 Heie
1461 773 1579 812 enim

199 832 338 875 dulcis
369 847 479 882 aer,
516 847 722 889 agrorum
763 837 1007 875 amoenitas
1031 863 1041 881 ‚
1078 831 1289 871 montium
1323 830 1578 884 apricoranz

205 892 467 942 adspectus:
501 891 611 930 haee
644 904 909 945 quorumque
942 890 1099 930 civium
1123 886 1389 938 urbanitas,
1422 903 1475 929 ea
1494 902 1580 928 mo-

202 962 296 988 rum
331 955 394 986 est
423 946 634 996 comitas,
669 956 713 985 ut
743 947 892 986 merito
929 960 984 987 ae
1019 945 1190 985 ratione
1234 960 1337 985 cum
1372 948 1426 985 ab
1473 948 1582 986 anti-

203 1007 297 1063 quis
321 1035 333 1053 ,
374 1013 460 1044 tum
492 1019 521 1043 a
560 1019 753 1059 nuperae
784 1004 937 1045 aetatis
976 1003 1336 1060 historiographis
1389 1018 1442 1044 ea
1493 1018 1582 1044 una

198 1063 448 1104 esis-rimata
471 1064 643 1114 faerit,
678 1077 790 1119 quae
823 1064 933 1104 inter
951 1072 1120 1103 ceteros
1157 1059 1358 1102 universi
1394 1063 1581 1118 angulos

202 1126 352 1179 regina
381 1122 517 1162 veluti
548 1121 768 1178 adsurgat.
803 1121 865 1162 Et
893 1121 1066 1163 videtur
1093 1125 1237 1162 Deum
1275 1120 1329 1161 Ο.
1370 1119 1437 1163 M.
1456 1122 1583 1169 illam

195 1196 307 1235 prae
334 1181 497 1220 cunctis
513 1181 720 1237 selegisse
736 1215 749 1234 ,
771 1196 855 1238 qao
877 1181 975 1221 aliis
993 1186 1083 1221 iam
1104 1190 1191 1221 tum
1211 1195 1271 1220 ex
1288 1180 1583 1220 vetustissima

199 1247 448 1294 tempestate
499 1239 645 1295 leges,
696 1248 736 1279 et
764 1240 938 1295 populis
987 1249 1164 1294 sceptra
1187 1240 1344 1290 ferret.
1378 1238 1431 1278 Si
1464 1239 1581 1279 enim

195 1299 370 1353 priseos
404 1298 686 1339 historiarum
730 1300 912 1340 annales
948 1307 1051 1354 post
1066 1298 1289 1340 hominum
1323 1299 1581 1339 evolvamus

205 1356 461 1398 memoriam
483 1392 496 1410 ‚
522 1353 724 1411 pro'feeto
764 1358 888 1399 illam
932 1359 951 1414 (
974 1358 1019 1399 si
1050 1357 1162 1398 duos
1180 1373 1203 1398 e
1223 1357 1367 1398 medio
1386 1357 1579 1412 populos

206 1416 410 1456 tollamus
462 1416 729 1457 Hebraieunz
755 1447 769 1468 ,
825 1415 1219 1474 AEgyptiumque)
1268 1417 1509 1471 primorem
1555 1431 1580 1456 e

211 1473 360 1514 Graiis
381 1505 394 1523 ‚
425 1475 608 1532 aliisque
640 1476 868 1516 celebratis
894 1476 1074 1530 populis
1098 1476 1245 1526 fia‘sse
1296 1475 1576 1529 reperiemus.

204 1531 416 1573 Etruscos
449 1534 563 1573 enim
584 1549 696 1588 prae
733 1535 884 1576 ceteris
930 1533 1196 1591 antiquiores
1233 1548 1330 1575 esse
1357 1561 1369 1584 ,
1427 1533 1572 1575 nullus

210 1591 333 1632 adest
365 1596 437 1648 qui
478 1593 650 1633 neseiat.

318 1649 392 1690 Ea
425 1651 539 1691 enim
573 1667 681 1709 gens
716 1661 816 1693 ante
833 1657 1128 1694 Romanorum
1161 1652 1474 1708 rempublicam
1485 1649 1577 1704 fuit

202 1707 313 1748 adeo
333 1710 529 1759 celebris,
546 1720 589 1751 ut
606 1711 764 1751 vetusti
781 1721 983 1753 auctores
1002 1713 1239 1752 maximam
1257 1712 1333 1753 illo
1342 1727 1437 1752 ram
1450 1723 1580 1765 prae-

204 1765 445 1806 dicaverint
468 1770 735 1819 potentiam,
772 1785 871 1812 cum
889 1785 1096 1826 magnam
1115 1770 1274 1810 Italiae
1285 1780 1460 1825 partem
1470 1785 1576 1825 pos⁴

203 1822 404 1864 sederint.
441 1824 559 1865 Hine
594 1828 713 1879 apud
754 1828 855 1868 illos
890 1829 1010 1882 ipsos
1049 1837 1186 1878 artes,
1218 1841 1346 1884 atque
1362 1829 1573 1869 scientiae

202 1881 244 1921 in
288 1896 448 1937 magno
471 1884 604 1933 ficere
628 1885 784 1938 pretio.
826 1886 1069 1943 Postquam
1090 1900 1200 1926 vero
1218 1885 1398 1927 Etrusci
1416 1887 1460 1927 in
1481 1887 1574 1928 Ita·

204 1940 261 1980 lia
297 1950 396 1979 suut
435 1940 671 1991 dominati,
707 1942 903 1984 Romani
942 1944 1102 1984 deinde
1126 1959 1285 1985 everso
1319 1960 1470 1986 eoram
1494 1946 1574 1986 im-

198 1997 323 2052 perio
348 1999 593 2053 paulatim,
626 2000 800 2042 illoram-
837 2003 963 2043 urbes
999 2003 1041 2044 in
1090 2017 1241 2044 eoram
1278 2013 1576 2058 pervenerunt

197 2064 473 2111 potestatem,
515 2067 642 2116 atq-ae
681 2060 813 2117 longe
853 2062 1025 2120 lateque
1060 2062 1217 2102 vicinis
1237 2062 1481 2120 dissitisque
1495 2079 1574 2119 po·

204 2116 322 2169 pulis
357 2116 515 2157 bellam
553 2119 744 2159 intulere.
786 2120 905 2161 Hinc
942 2121 1163 2162 Samnites
1176 2135 1260 2175 per
1291 2121 1458 2162 LXXX.
1472 2137 1572 2177 pro-

206 2174 260 2213 de
290 2188 432 2215 annos
463 2176 726 2232 quotidianis
760 2179 1015 2220 armiscara
1049 2179 1260 2221 Romanis
1280 2180 1571 2232 decertarunt,

204 2240 331 2288 atque
357 2243 512 2287 postea
563 2250 715 2287 eorum
746 2251 855 2295 ager
898 2238 1114 2279 Romanis
1165 2239 1408 2281 adiunctus.
1458 2239 1573 2280 Inde

206 2290 322 2332 aliae
352 2301 536 2335 exterae
583 2305 778 2352 gente-5⁶,
816 2296 919 2339 hinc
956 2296 1111 2348 Galli,
1155 2298 1376 2354 Hispani,
1414 2299 1576 2356 aliique
