1961 2574
421 151 463 176 1⁴V

421 190 682 244 sacrarum
745 205 891 247 μὲγιστη
917 207 1040 248 γνῶσις
1082 236 1096 264 ‚
1152 192 1285 248 dum
1322 207 1404 248 tot
1455 196 1603 248 annis
1659 213 1771 250 non

422 261 592 313 solum
619 261 762 335 apud
790 280 1059 335 nostrates,
1090 285 1276 326 verum
1296 266 1451 317 etiam
1471 265 1612 337 apud
1634 281 1773 319 exte-

420 350 497 381 ras
534 348 712 402 gentes
749 354 846 406 pro
902 337 1002 388 tuis
1040 336 1209 389 doctis
1238 376 1252 403 7
1292 350 1343 386 et
1370 334 1636 387 laboriosis
1657 355 1779 416 ope-

417 400 562 452 ribus
612 417 713 454 tam
752 407 992 475 cognitus
1030 426 1120 468 es,
1162 419 1423 478 quantum
1484 420 1775 476 praeteritis

418 473 742 542 temporibus
782 476 1067 547 praeclari,
1115 490 1168 528 et
1215 473 1413 528 eruditi
1442 475 1642 546 quique
1680 475 1777 527 ho·

412 540 577 593 mines
616 545 833 596 extitere
858 549 882 597 P

550 613 630 663 Tu
670 614 809 666 inter
837 617 1098 671 praesules
1128 616 1462 691 Neapolitani
1493 616 1658 685 Regni
1679 615 1772 667 do-

407 680 660 733 ctissimus
679 684 779 736 iam
818 688 1030 758 triginta
1069 708 1234 762 prope
1279 687 1428 738 almis
1447 704 1583 736 8301*a
1604 684 1775 736 Insula

404 747 628 801 donatus
665 754 729 802 ab
768 758 970 823 optimo
1010 760 1147 825 Rege
1186 754 1528 807 Ferdinando
1575 755 1597 803 I
1641 756 1774 805 Bor-

400 817 563 867 bonio
606 821 836 890 primum
883 823 950 871 ad
997 825 1282 876 Ecclesiam
1321 821 1646 877 Pelusianam
1690 841 1771 874 re-

397 886 656 955 gendam,
697 887 895 942 deinde
942 890 1008 942 ad
1062 893 1589 964 Archiepiscopatum
1618 892 1773 944 Com-

400 975 621 1026 psanum
666 974 873 1012 evectus
915 962 1076 1015 fuisti.

534 1028 644 1079 Sub
686 1032 816 1080 tanti
859 1032 1020 1103 igitur
1059 1034 1174 1086 Viri
1221 1032 1460 1106 auspiciis
1491 1073 1504 1099 9
1543 1050 1600 1083 ac
1640 1045 1770 1105 tute-

393 1095 437 1146 la
477 1096 578 1148 hoc
624 1119 783 1170 opus,
825 1102 975 1173 quod
1020 1124 1131 1155 non
1172 1123 1464 1177 paucorum
1507 1120 1772 1153 annorum

391 1166 566 1218 labore
620 1170 748 1220 mihi
789 1173 985 1225 stetisse
1033 1175 1238 1236 fateor,
1279 1192 1524 1227 securum
1556 1172 1771 1224 laetum-

389 1256 493 1308 que
548 1238 722 1291 lucem
760 1240 1028 1315 adspiciet.
1086 1247 1162 1296 Ac
1216 1246 1368 1297 sicuti
1408 1245 1561 1295 Luna
1598 1241 1769 1294 notho

385 1306 586 1360 lumine
625 1311 900 1382 splendet:
938 1315 1008 1366 ita
1046 1314 1148 1367 hoc
1187 1335 1318 1388 opus
1351 1333 1445 1388 per
1484 1334 1534 1366 se
1573 1313 1762 1393 obscu-

384 1397 504 1429 rum
543 1396 801 1454 perpetuo
832 1400 1097 1454 maneret,
1137 1387 1237 1438 nisi
1266 1399 1479 1438 tuarum
1506 1406 1524 1436 s
1567 1396 1768 1436 ectatis-

387 1449 632 1502 simarum
687 1453 948 1507 virtutum
990 1456 1227 1527 fulgore,
1279 1457 1466 1528 tuique
1580 1457 1769 1508 ominis

389 1518 545 1570 radiis
567 1521 954 1578 inlustraretur.

532 1591 729 1663 Excipe
767 1594 962 1665 igitur,
1001 1598 1211 1651 Praesul
1249 1597 1619 1669 Amplissime‚
1659 1596 1761 1647 hoc

387 1671 545 1710 tenue
583 1671 777 1715 munus
800 1705 813 1732 7
843 1667 1114 1740 quidquid
1142 1709 1155 1738 ‚
1186 1683 1238 1722 et
1265 1669 1637 1741 qualecunque
1663 1679 1755 1731 est,

385 1746 441 1777 ac
496 1730 595 1780 tuis
633 1733 917 1807 suffragiis3
957 1752 1160 1813 tuoque
1206 1739 1502 1812 patrocinio
1541 1740 1658 1790 fove
1697 1749 1762 1786 at-

383 1816 487 1866 quc
527 1813 690 1855 tuere.
1216 1852 1220 1855 -

724 2163 770 2216 N
780 2166 945 2221 omini
984 2179 1078 2220 tuo
1104 2165 1489 2225 addictissimus

837 2271 1125 2329 MARtAiws
1157 2295 1225 2329 DE
1266 2277 1609 2332 LAtnuzm-ns.r
