1920 2579
1469 118 1549 158 219

175 167 388 212 liilosecius
420 167 571 209 Dianae
603 163 860 208 sacerdotum
891 162 991 206 ritus
1014 194 1029 215 ,
1066 173 1104 205 et
1121 161 1333 220 praecipue
1364 160 1546 204 carmina

178 241 298 286 atque
330 227 538 283 praestigia
571 225 677 265 haud
709 222 946 279 deperdita,
979 237 1110 279 neque
1141 221 1277 262 adhuc
1311 221 1422 276 apud
1461 223 1549 264 vul-

177 303 249 343 gus
282 287 495 326 immutata
528 284 651 324 fuere.
684 284 792 324 Hinc
824 279 1068 324 crediderim
1099 280 1265 322 illorum
1284 279 1458 335 speciem
1490 295 1547 321 se—

179 345 311 402 quiori
361 358 457 387 aevo
489 342 697 392 extitisse,
735 351 774 381 et
806 349 944 381 nostra
990 341 1155 382 fortasse
1203 344 1441 394 tempestate
1483 353 1545 379 eas

178 400 381 445 soemellas
404 433 416 451 ,
453 414 554 454 quae
587 400 780 454 vulgatim
814 398 888 440 sub
921 403 1078 440 Ianare
1109 398 1274 438 nomine
1326 398 1493 437 veniunt
1526 429 1541 448 ,

179 476 293 503 suam
325 459 521 501 derivasse
555 474 577 498 a
609 459 762 500 Dianae
793 457 1069 499 sacerdotibus
1102 456 1311 511 originem.

295 519 389 559 Non
426 518 565 572 procul
598 519 649 559 ab
683 518 722 558 S.
755 516 908 557 Mariae
939 518 1104 559 Maioris
1155 514 1332 556 Ecclesia
1366 512 1546 569 adsurgit

177 577 335 618 Ioviani
365 574 538 618 Pontani
568 577 748 618 aedicula
770 607 781 626 ‚
814 575 853 616 in
885 590 964 630 qna
998 574 1134 630 plures
1188 583 1366 614 vetustae
1413 573 1549 625 legun-

177 645 245 674 tur
276 632 454 676 Graecae
486 633 764 692 inscriptiones
785 665 796 684 ,
831 633 1081 689 Latinaeque
1104 664 1117 683 ,
1155 646 1256 689 quas
1294 631 1414 671 affert
1449 630 1548 670 Car-

177 695 331 741 letius,
365 693 608 745 ”li‘opografia
643 694 683 734 di
715 693 866 748 Napoli
901 708 987 747 pag.
1028 704 1126 743 179,
1159 702 1196 731 et
1219 699 1355 731 noster
1388 688 1548 744 Ignarra

182 750 480 793 commentario
516 751 728 795 illustravit
758 753 796 791 in
832 750 1066 805 Opusculis.

300 809 490 851 Cererem
521 826 684 869 qnoque
717 808 973 864 Neapolitani
1006 808 1165 848 coluere
1186 838 1198 857 ‚
1230 805 1396 860 eiusque
1426 804 1551 845 festus
1622 811 1712 842 Ceres·

182 865 266 907 dies
298 881 422 920 qnam
451 869 628 911 maxima
678 867 942 923 peragebatur
993 881 1175 924 pompa,
1213 864 1459 920 laetitiaque.
1511 864 1555 904 In

182 925 244 963 his
275 926 394 966 sacris
427 939 522 979 prae
552 927 692 968 ceteris
725 925 877 965 facibus
908 926 1084 965 accensis
1117 938 1188 978 per
1221 922 1369 963 urbem
1420 936 1558 963 curre-

182 981 303 1023 batur
320 1000 339 1033 ,·
374 981 481 1022 nnde
513 982 889 1039 repraesentabatur
921 982 1043 1023 Ceres
1075 995 1169 1020 cum
1217 980 1404 1030 Baccho,
1461 994 1563 1035 quae

181 1048 349 1094 raptam.
375 1039 500 1081 filiam
536 1040 823 1097 Proserpinam
875 1039 999 1081 taedis
1032 1054 1103 1096 per
1154 1037 1296 1080 orbem
1337 1039 1562 1093 quaesierat

182 1099 356 1140 accensis
381 1130 392 1150 ,
420 1100 613 1157 imposito
656 1098 813 1140 calatho
843 1112 965 1155 supra
994 1111 1164 1140 currum
1217 1095 1338 1137 simul
1388 1095 1560 1150 virgines

186 1157 405 1212 prodibant
429 1188 441 1208 ,
494 1170 539 1199 ut
570 1158 710 1201 scribit
741 1156 942 1214 Capacius
975 1156 1045 1198 lib.
1078 1156 1110 1200 I.
1145 1171 1180 1197 c.
1221 1163 1271 1208 14
1304 1163 1342 1194 et
1377 1164 1421 1194 ut
1468 1169 1562 1209 pro-

183 1223 262 1255 stat
302 1232 350 1258 ex
381 1215 517 1256 tabula
551 1227 708 1273 reperta
740 1231 835 1258 cum
870 1215 1116 1272 epigraphe,
1158 1227 1283 1271 quam
1302 1213 1448 1253 Latine
1471 1212 1560 1253 red-

188 1273 250 1314 dit
289 1274 563 1317 Martorellius
596 1276 733 1317 Theca
766 1274 922 1316 Galam.
961 1285 1065 1318 tom.
1107 1273 1157 1315 II.
1191 1287 1278 1328 pag.
1324 1271 1560 1328 711.Cela-

189 1349 274 1381 nus
298 1333 378 1375 hoc
420 1332 576 1376 Cereris
619 1335 818 1391 templum
860 1334 980 1375 fnisse
1020 1333 1107 1383 ait,
1145 1332 1216 1373 ubi
1255 1329 1336 1372 fuit
1380 1329 1495 1371 aedes
1518 1330 1559 1373 S,

189 1393 355 1437 Mariae,
381 1391 595 1434 Rotundae
625 1393 753 1435 dicata
790 1393 830 1432 in
865 1392 1040 1448 Regione
1087 1391 1200 1433 Nili:
1235 1404 1363 1446 prope
1420 1388 1562 1429 Eccle-

190 1453 290 1493 siam
317 1450 419 1490 duos
456 1451 606 1510 lapides
637 1451 691 1493 ad
722 1451 881 1493 Cereris
920 1451 1119 1508 templum
1150 1449 1397 1505 pertinentes
1416 1446 1563 1487 erude-

192 1521 301 1551 ratos
335 1509 443 1549 idem
474 1510 627 1553 scribit.
663 1512 708 1554 In
743 1509 902 1550 Cereris
939 1509 1103 1550 tandem
1133 1507 1244 1549 festis
1296 1505 1564 1561 peragebatur

190 1568 312 1609 ludus
352 1569 624 1624 Lampadicus
658 1579 750 1610 ante
788 1567 1040 1625 descriptus,
1077 1576 1122 1608 ut
1161 1574 1320 1608 constat
1354 1578 1400 1605 ex
1436 1564 1566 1605 Statio

193 1626 288 1668 Silv.
319 1626 387 1668 lib.
427 1625 484 1666 IV
523 1643 557 1670 c.
594 1629 633 1670 8.
1333 1639 1335 1641 ’
1616 1663 1620 1670 ,
1706 1664 1710 1671 ,

311 1686 599 1729 Dioscoridum
638 1686 835 1742 templum
860 1716 873 1734 ,
907 1684 1053 1741 nempe
1084 1683 1262 1726 Castoris
1284 1713 1295 1733 ‚
1336 1691 1375 1721 et
1426 1681 1563 1723 Pollu·
1587 1665 1775 1735 Dffifa‘ssiiiss's*

200 1745 255 1782 cis
291 1746 580 1798 perantiquum
614 1744 787 1800 Neapoli
823 1752 1041 1792 censetur,
1101 1743 1255 1797 quippe
1291 1739 1403 1795 quod
1445 1741 1566 1780 etiam

202 1800 365 1841 illorum
397 1801 530 1841 cultus
556 1816 608 1843 ex.
639 1801 810 1842 Graecia
850 1800 1058 1840 derivavit.
1111 1800 1269 1838 Verum
1310 1812 1355 1838 ex
1410 1791 1572 1852 inscss'ip-

200 1860 310 1899 tione
335 1888 349 1908 ,
390 1874 512 1913 quam
551 1870 644 1899 ante
678 1858 892 1899 retulimus
940 1857 1062 1897 huius
1101 1855 1190 1896 libri
1234 1870 1323 1909 cap.
1356 1855 1429 1896 IV.
1487 1856 1578 1895 Dio-

200 1916 408 1957 scoridum
444 1917 644 1972 templum
678 1915 851 1970 Augusti
888 1928 985 1954 aevo
1037 1928 1055 1952 a
1098 1913 1262 1955 Tiberio
1300 1912 1403 1954 Iulio
1448 1915 1580 1955 Tarso

203 1974 381 2016 eiusdem
416 1975 562 2016 liberto
602 1984 873 2016 restauratum
915 1971 1034 2012 fuisse
1065 1970 1220 2027 liquet,
1252 1971 1364 2028 quod
1413 1987 1459 2011 ex
1502 1988 1573 2012 an-

205 2035 392 2089 tiquitate
424 2034 713 2076 labefactatum
758 2033 881 2073 lulius
917 2031 1000 2086 ipse
1039 2029 1226 2070 Tiberius
1259 2032 1300 2071 in
1334 2045 1474 2071 eorum
1502 2031 1573 2071 ho-

207 2107 347 2133 norem
386 2089 942 2147 magnificentius'excitavit.
974 2088 1194 2144 Templum
1234 2089 1311 2130 hoc
1362 2088 1575 2129 celeberri-

210 2165 358 2204 mum,
398 2162 520 2208 atque
554 2150 929 2208 splendidissimum
968 2147 1075 2200 fuit3
1110 2158 1232 2204 prout
1285 2148 1392 2188 enim
1439 2146 1574 2188 adhue

213 2224 259 2250 ex
292 2210 376 2251 eius
413 2220 579 2266 apparet
615 2208 863 2258 ruderibus,
899 2206 998 2247 nihil
1033 2221 1080 2247 eo
1112 2206 1286 2247 nobilius
1322 2222 1404 2247 esse
1426 2207 1571 2262 potuit.

193 2266 580 2313 intercolumnium
622 2270 730 2312 enim
761 2267 978 2310 Corinthio
1013 2266 1089 2308 fuit
1129 2281 1249 2323 opere
1271 2295 1283 2314 ,
1320 2267 1378 2313 nti
1412 2280 1456 2309 ex
1488 2266 1574 2322 qui-

1252 2325 1273 2349 x
