1920 2579
1516 75 1592 114 109

218 133 312 159 cum
353 115 523 174 quidam
555 113 749 171 lapicidae
784 113 947 155 aedium
997 115 1268 158 fundamenta
1316 117 1426 175 apud
1464 121 1597 162 Porti—

216 192 376 218 censem
415 175 549 216 villam
565 173 778 216 Elboviani
803 173 1029 231 Principis,
1063 175 1183 231 vulgo
1222 175 1597 242 d'Elboezngm-

220 237 414 277 manuelis
440 232 622 276 Mauritii
658 232 708 281 de
740 231 1009 287 Lotharingia
1041 233 1219 275 iacerent
1239 264 1254 285 ,
1307 236 1516 279 fortunate
1549 254 1596 279 ex

218 309 313 335 aere
349 304 531 342 statuas,
568 292 815 332 numismata
838 321 851 341 ,
896 290 1056 348 aliaque
1096 292 1139 333 id
1180 307 1306 347 genus
1359 295 1552 337 invenere
1578 328 1592 348 ‚

217 367 328 409 quae
368 352 508 394 omnia
549 349 565 409 (
604 365 701 391 cum
739 349 874 390 adhuc
911 350 1066 391 incerta
1096 366 1158 392 res
1189 363 1290 392 esset
1322 350 1340 409 J
1374 354 1426 394 ad
1472 355 1599 410 Euge-

217 412 339 452 nium
375 414 675 466 Imperatorem
713 407 1007 449 Viudobonam
1027 409 1140 451 dono
1160 411 1270 450 misit
1291 411 1374 467 ipse
1395 414 1600 471 Princeps.

341 471 492 510 Verum
534 465 762 509 effossionis
799 481 903 522 opus
940 468 1173 522 neglectum
1214 484 1341 524 usque
1381 487 1429 514 eo
1476 473 1589 526 tuit,
1615 474 1835 538 Ξζὶζῑῑὲῇγᾟωὲξ

219 526 349 569 donec
386 526 558 570 Carolus
599 526 673 572 ΙΙΙ·
704 524 938 566 Borbonius
957 526 1251 582 Hispaniarum
1272 532 1355 568 hex
1377 541 1474 572 tunc
1492 534 1598 575 Nea·
1619 553 1658 574 uu
1677 547 1816 583 praecipit.

223 586 450 642 politanum
488 585 748 626 administras
787 598 995 638 regnum,
1046 596 1091 625 ut
1128 593 1220 627 toto
1267 599 1420 629 conatu
1457 590 1601 635 darent

223 658 392 699 operam
429 644 522 685 urbi
563 641 819 684 essodiendae
856 642 1073 699 praecepit.
1121 642 1247 698 Quod
1295 660 1390 688 cum
1435 650 1603 694 calidius

221 712 485 757 pergeretur,
519 701 697 752 accidit,
730 710 775 741 ut
816 699 1012 755 lapicidae
1051 701 1164 744 urbis
1203 703 1339 746 solum
1375 707 1426 748 ad
1479 711 1600 766 quin-

219 761 410 814 quaginta
455 760 637 817 quinque
671 759 948 814 comperirent
991 759 1147 814 pedes,
1196 759 1238 800 in
1284 763 1401 805 cuius
1451 771 1604 813 vertice

222 818 502 868 Porticensis,
545 828 584 858 et
621 815 849 858 Retinensis
886 815 997 857 vicus
1034 827 1119 858 erat
1155 819 1255 859 situs
1292 823 1523 868 Vesuvium
1542 830 1602 870 in-

221 884 282 914 ter
305 905 316 925 ‚
353 885 392 914 et
421 890 545 916 mare.
582 875 638 914 At
671 888 755 929 quo
789 875 957 913 nomine
984 874 1082 914 urbs
1115 886 1216 916 esset
1237 876 1428 922 donanda
1450 918 1466 937 ,
1499 888 1603 929 Her-

215 930 434 972 culaneum
481 942 651 985 utrum,
698 945 748 970 an
791 931 1010 986 Pompeii,
1060 934 1246 975 eruditos
1296 936 1405 979 inter
1456 958 1601 1001 magna

216 998 360 1031 exorta
390 988 615 1031 contentio.
654 988 813 1029 Verum
851 986 1045 1044 pergente
1079 999 1266 1048 tempore
1306 994 1467 1041 factum
1505 1015 1597 1057 est,

212 1057 259 1088 ut
287 1057 328 1090 et
369 1047 465 1090 urbs
498 1047 807 1090 Herculaneum
827 1057 929 1088 esset
949 1079 962 1098 ,
1003 1056 1042 1087 et
1062 1063 1145 1091 non
1163 1050 1252 1092 alia.
1274 1054 1449 1110 Lapides
1467 1063 1597 1114 enim,

213 1091 254 1146 et
290 1116 474 1160 statuae,
510 1107 671 1164 aliaque
704 1105 880 1163 opidum
927 1105 1059 1149 dubio
1107 1110 1257 1167 procul
1292 1112 1600 1164 Herculaneum

215 1178 299 1206 esse
334 1164 586 1209 indicabant.
631 1166 745 1207 Inter
789 1175 922 1217 cetera
958 1164 1194 1211 eruderatae
1228 1170 1344 1212 suere
1382 1174 1487 1217 duae
1527 1191 1600 1222 sta-

212 1232 307 1264 tuae
343 1235 551 1282 equestres
583 1225 713 1267 Marci
745 1225 875 1266 Nonii
903 1228 1049 1284 patrIS‚
1088 1227 1278 1287 filiique,
1315 1246 1415 1287 quas
1449 1238 1602 1282 Hercu·

214 1281 398 1324 lanenses
437 1285 534 1326 olim
581 1287 635 1327 in·
658 1285 749 1326 foro
781 1284 878 1340 ipsis
912 1285 1182 1340 dedicat'ant5
1231 1288 1374 1332 subtus
1423 1307 1506 1337 erat
1539 1299 1604 1340 in·

217 1340 424 1396 sculptum
447 1359 455 1383 :
489 1343 648 1386 Marco
676 1343 823 1386 Nonio
843 1344 964 1388 Balbi
977 1346 1083 1401 filio
1107 1351 1456 1395 Herculanenses
1474 1356 1525 1396 P.
1543 1357 1596 1399 P.

217 1399 427 1442 Praedicta
464 1402 573 1456 signa
597 1402 784 1444 homines
803 1417 1108 1461 repraesentant
1127 1419 1282 1464 togatos
1304 1425 1426 1465 super
1443 1429 1597 1470 equum

212 1456 403 1499 sedentes
445 1475 491 1501 ex
522 1476 727 1503 marmore
759 1461 964 1521 scalptos,
998 1480 1101 1522 quae
1131 1468 1283 1522 integra
1333 1484 1353 1508 e
1390 1481 1490 1513 terra
1532 1490 1600 1515 ex-

213 1525 342 1556 tracta
389 1517 430 1557 in
467 1518 686 1573 Regiarum
720 1521 886 1564 aedium
918 1529 1132 1582 quondam
1162 1526 1273 1584 apud
1304 1528 1515 1572 Por-ticum
1558 1548 1600 1572 a·

208 1575 289 1615 trio
343 1575 651 1633 adsurgebant‚
713 1594 824 1622 nunc
865 1583 907 1624 in
952 1587 1224 1644 Neapolitano
1265 1598 1403 1628 extant
1454 1591 1598 1632 Museo

213 1632 440 1678 Borbonio.

331 1691 422 1731 Alia
455 1709 515 1734 res
548 1708 732 1752 spectatu
750 1700 883 1755 digna
903 1713 961 1743 est
983 1704 1213 1748 Theatrum
1232 1705 1368 1747 adhuc
1391 1706 1596 1763 integrum
1638 1703 1796 1730 Th²²⁴²¹¹¹¹²¹'

216 1746 256 1786 in
297 1748 578 1793 subterraneis.
616 1755 709 1797 Hoc
740 1759 849 1801 enim
880 1760 986 1801 sicut
1020 1774 1150 1804 cetera
1181 1781 1202 1805 a
1221 1765 1389 1807 Graecis
1412 1766 1479 1822 (ι)
1503 1783 1599 1809 cou—

218 1872 1327 1902 Μ

312 1951 368 2003 (ι’)
397 1954 599 1994 Theatrum
627 1959 696 1996 hoc
723 1962 878 2001 Graecae
906 1966 1016 2004 instar
1043 1970 1127 2006 artis
1155 1971 1433 2011 architectonice
1464 1977 1593 2013 condi-

208 2008 286 2038 tum
313 2005 421 2041 fuisse
450 2008 662 2046 crediderim
692 2014 821 2062 triplici
849 2017 1021 2054 ratione:
1052 2022 1233 2068 primum,
1264 2025 1348 2072 quia
1378 2026 1500 2062 sedilia
1519 2042 1591 2064 non

187 2060 290 2088 (sunt
318 2054 497 2092 disiuncta
527 2073 544 2094 a
573 2061 758 2108 scalariis‚
787 2075 827 2100 ut
853 2067 951 2115 apud
979 2069 1160 2108 Romanos
1180 2099 1188 2115 ,
1219 2089 1260 2110 ac
1286 2076 1436 2123 proinde
1464 2079 1588 2114 sedilia

205 2101 277 2150 ipsa
308 2113 392 2141 sunt
422 2109 543 2144 omnia
571 2110 733 2148 eiusdem
761 2115 907 2153 formae.
935 2118 1056 2155 Altera
1086 2135 1187 2158 causa
1209 2132 1273 2168 est,
1297 2127 1383 2174 quia
1403 2141 1475 2176 quo
1498 2137 1586 2164 teui-

207 2152 294 2206 pore
321 2155 387 2192 hoc
416 2156 613 2197 Theatrum
656 2173 710 2199 est
738 2177 975 2213 excavatum,
1006 2183 1132 2220 magna
1177 2174 1361 2223 lignorum
1405 2185 1517 2213 strues
1556 2179 1592 2213 in

206 2213 360 2242 cinerem
386 2220 497 2256 prope
524 2223 692 2250 conversa
719 2225 803 2253 ante
832 2218 1052 2258 orchestram
1078 2222 1148 2260 fuit
1188 2236 1325 2275 reperta
1351 2253 1361 2273 ,
1414 2241 1506 2278 quac
1551 2230 1588 2264 in
