1920 2579
1474 100 1553 138 123

168 162 299 213 atque
330 153 507 212 integrae
538 152 630 197 ab
608 153 716 222 ’ipsis
763 152 981 210 parietibus
1026 152 1203 206 ablatae,
1252 161 1292 196 et
1339 151 1557 212 Neapolim

170 213 357 266 ductae,
394 224 435 256 et
468 227 578 255 nunc
605 213 648 254 in
680 211 808 269 Regio
838 214 985 254 Museo
1018 214 1217 255 visuntur.

291 272 340 313 In
360 273 536 329 quadam
557 288 604 315 ex
620 269 730 313 hisce
762 270 908 314 tabulis
942 282 1267 328 repraesentatur
1286 272 1466 315 Theseus
1486 274 1594 316 Mi·q
1580 314 1602 335 ¹
1594 276 1791 336 Ῑῖὲξεζὶξζῆᾒ]

172 340 398 374 notaurum
429 346 634 388 superans.
665 330 777 372 Haec
808 330 1017 373 Theseum
1050 330 1229 374 ostendit
1260 341 1433 374 stantem
1460 364 1472 382 ,
1520 343 1559 375 et
1579 346 1612 371 f
1608 353 1666 373 ιω,
1766 329 1770 333 ’

172 389 338 432 nudum
361 421 374 445 ‚
405 391 521 432 cuius
563 389 683 435 vestis
709 403 761 431 ex
782 389 974 433 humeris
1008 390 1058 431 ad
1091 389 1306 432 brachium
1358 389 1567 432 descendit

172 448 353 493 laevum.
386 451 496 492 Ante
527 448 645 490 illum
675 447 842 490 iuvenes
871 448 1138 492 Athenienses
1170 464 1316 492 manus
1362 449 1564 492 basianus

175 508 283 553 flexo
315 507 468 567 poplite
498 508 635 566 ipsum
666 506 858 550 adorant.
892 507 1152 550 Minotaurus
1186 523 1281 552 vero
1311 507 1565 563 significatur

173 582 249 625 per
280 566 492 610 hominem
524 567 630 609 tauri
663 577 788 623 caput
817 566 1035 609 habentem
1054 599 1066 621 ‚
1100 567 1172 624 qui
1202 567 1255 610 ad
1305 566 1389 609 eius
1435 582 1565 624 genua

175 624 422 684 provolutus
452 626 578 669 adest·
611 625 778 671 Adhaec
808 626 952 668 visitur
985 625 1164 668 foemina
1181 640 1305 684 supra
1321 624 1450 668 nubes
1468 626 1564 684 pha-

177 695 332 729 retram
364 685 541 739 habens,
569 700 695 741 quam
725 684 893 740 quidam
924 685 1102 728 Dianam
1134 683 1217 727 essfe
1234 685 1496 728 arbitrantur.
1510 686 1568 726 A·

180 743 236 785 lia
265 742 424 785 tabula
433 742 655 786 Herculem
683 743 938 784 infantulum
970 743 1013 784 in
1045 743 1257 787 cunabulis
1274 754 1565 810 repraesentat,

181 802 255 859 qui
286 813 490 859 serpentes
522 800 744 857 strangulat
773 816 796 843 a
826 800 985 843 Iunone
1017 803 1161 845 missos
1192 801 1245 844 ad
1276 801 1393 844 illum
1427 801 1569 848 interi-

178 859 400 903 mendum.
435 862 547 903 Hinc
576 860 733 914 Iupiter
763 874 809 901 ex
839 860 923 900 alto
973 876 1096 916 supia
1142 861 1341 903 thronum
1392 859 1571 917 stupefa-

180 928 271 957 ctus
319 915 464 968 sedet,
500 928 540 959 et
570 918 735 957 infantis
767 917 977 957 victoriam
1027 916 1263 961 admiratur.
1298 919 1483 961 Huiusce
1516 928 1575 957 ta-

181 973 302 1016 bulae
334 973 502 1019 fortasse
533 975 786 1019 mentionem
815 973 913 1018 facit
944 973 1101 1021 Plinius
1146 977 1252 1020 Hist.
1298 978 1447 1020 Natur.
1502 975 1572 1017 lib.

183 1032 375 1078 XXXV.
409 1050 442 1076 c.
481 1052 519 1089 9.

302 1092 395 1134 Alia
427 1093 560 1136 tabula
594 1092 813 1146 Orestem,
847 1093 908 1134 uti
939 1092 1148 1143 creditur,
1198 1103 1238 1135 et
1268 1092 1466 1153 Pyladem
1501 1108 1563 1134 ca·
1587 1106 1694 1131 emese
1713 1125 1718 1135 ,
1749 1113 1772 1133 (ι

185 1152 321 1211 ptivos
352 1161 652 1210 repraesentat,
684 1153 756 1209 qui
788 1168 811 1193 a
843 1153 1011 1195 Toantis
1042 1153 1158 1208 Regis
1190 1153 1319 1196 milite
1352 1162 1445 1195 ante
1476 1153 1575 1194 Dia·
1632 1141 1712 1174 ¹³¹³*

184 1227 263 1255 nae
294 1222 470 1254 statuam
502 1212 818 1269 perducuntur:
853 1209 928 1254 dea
959 1227 1082 1268 supra
1114 1227 1226 1256 aram
1257 1211 1405 1264 adest,
1453 1227 1576 1269 supra

186 1286 315 1330 quam
347 1270 569 1328 adspicitur
598 1281 736 1328 patera
753 1302 769 1323 ,
814 1281 857 1312 et
887 1270 1219 1328 praefericulum.
1255 1270 1479 1331 Iphygenia
1499 1282 1576 1312 stat

180 1349 236 1376 ex
264 1331 345 1373 alia
376 1331 538 1373 tabulae
568 1340 682 1389 parte
704 1361 718 1381 ,
756 1345 779 1371 a
809 1345 892 1388 qua
924 1345 1009 1375 non
1031 1332 1177 1388 procul
1199 1330 1286 1376 duo
1305 1332 1455 1375 adsunt
1476 1345 1575 1372 cum

189 1391 473 1435 instrumentis
503 1390 556 1433 ad
586 1388 780 1434 sacrificia
809 1400 1064 1446 comparata.

312 1450 360 1492 In
391 1449 468 1490 alia
498 1449 703 1507 Telephus
733 1448 865 1505 alupa
882 1449 1105 1490 ablactatus
1120 1448 1343 1507 adspicitur
1360 1464 1456 1492 cum
1474 1451 1577 1492 Her·
1599 1462 1657 1488 'rex
1657 1462 1715 1496 wi
1721 1470 1756 1487 s.
1780 1462 1798 1485 Α

193 1511 286 1553 cule
318 1519 487 1567 parente
511 1540 524 1560 ,
555 1520 664 1550 retro
697 1522 821 1565 quem
853 1507 943 1549 Dea
975 1508 1096 1550 Flora
1128 1508 1279 1562 adest,
1317 1520 1357 1551 et
1388 1511 1472 1551 Pan
1505 1509 1577 1550 hu·
1599 1499 1673 1560 335³
1679 1497 1800 1568 91,{‘E²“

193 1571 306 1611 iusce
336 1568 497 1625 pueruli
529 1566 702 1610 tutelare
733 1581 903 1608 numen.
936 1569 1053 1609 Duae
1086 1566 1290 1611 Ariadnae
1324 1568 1484 1611 tabulae
1516 1568 1580 1608 hi-

193 1629 361 1672 storiam
398 1627 710 1683 plaeseferunt:
746 1626 894 1667 harum
926 1627 1060 1683 prima
1091 1638 1365 1684 repraesentat
1394 1628 1526 1684 ipsam
1557 1642 1580 1667 a

195 1701 343 1730 somno
375 1688 621 1739 excitatam‘5
652 1696 690 1728 et
722 1702 743 1728 a
776 1685 935 1727 Theseo
966 1684 1149 1728 relictam
1195 1687 1236 1726 in
1283 1686 1412 1729 insula
1459 1687 1580 1728 Naxo

197 1760 319 1802 super
350 1745 478 1795 litus,
525 1761 629 1801 quae
659 1743 1134 1800 mare'contemplatur,
1180 1745 1466 1802 Theseumque
1516 1746 1577 1785 su·

199 1805 377 1860 gientem
435 1802 569 1844 deflet.
622 1804 668 1844 In
718 1803 840 1844 altera
892 1802 1027 1842 tabula
1078 1804 1222 1844 visitur
1270 1803 1411 1844 eadem
1461 1818 1582 1859 super

197 1865 350 1905 lectum
381 1862 563 1904 cubans:
597 1862 742 1903 mulier
774 1875 874 1918 quae
894 1860 1018 1902 Fama
1053 1861 1248 1914 creditur,
1281 1860 1502 1904 humerum
1524 1861 1581 1902 le-

201 1922 301 1963 viter
341 1921 501 1976 tangit,
538 1919 679 1979 illique
728 1935 870 1961 navem
901 1919 943 1961 in
975 1919 1075 1962 mari
1098 1919 1364 1962 demonstrat.
1395 1919 1464 1962 Ad
1483 1919 1584 1960 eius-

198 1980 302 2022 dem³
326 1980 532 2024 Ariadnae
563 1980 668 2022 latus
694 1989 760 2022 ⁴cst
793 1979 963 2021 Veneris
995 1995 1130 2036 puer,
1162 1980 1232 2036 qui
1263 1994 1405 2021 arcum
1441 1979 1586 2036 phare-

197 2050 386 2097 tramqne
417 2040 523 2081 iacit·
557 2041 646 2081 Alia
680 2038 813 2080 tabula
848 2039 1060 2080 Bacchum
1093 2037 1229 2080 adhue
1262 2053 1436 2094 puerum
1478 2052 1584 2078 eom-

201 2109 402 2141 monstrat
431 2115 454 2140 a
486 2098 620 2142 Sileno
653 2113 745 2141 sene
780 2096 1034 2148 educatum,
1067 2099 1136 2156 qui
1170 2098 1304 2154 ipsum
1349 2096 1483 2139 evehit
1531 2095 1583 2136 ad

201 2173 303 2199 uvae
336 2173 571 2199 racemum:
603 2174 730 2215 prope
762 2157 887 2201 vitem
919 2157 1092 2201 Driades
1123 2156 1285 2199 adstant
1308 2172 1400 2199 cum
1416 2157 1582 2198 Faunis.

320 2218 461 2261 Plures
493 2218 684 2260 visuntur
717 2218 757 2258 in
791 2212 876 2257 aliis
909 2214 1107 2259 cubiculis
1139 2215 1297 2258 tabulae
1317 2249 1332 2269 ,
1369 2216 1482 2260 viros
1513 2229 1583 2255 an-
1605 2237 1675 2263 ΑΗ

203 2275 402 2333 tiquitatis
436 2274 609 2324 celebres
641 2285 1010 2336 reptaesemantes:
1045 2277 1149 2320 inter
1180 2275 1280 2361 alios
1313 2278 1477 2319 Orestes
1526 2287 1587 2315 so

1701 2240 1817 2265 tibulus
