1920 2579
152 198 214 222 Vari
224 197 281 222 ouis

127 1199 131 1203 ”
175 1197 315 1230 Aquinum.

332 135 385 177 60

453 190 546 232 Non
582 189 723 245 procul
757 205 779 229 a
812 185 959 230 Casino
990 185 1049 228 M.
1082 185 1217 230 Varro
1250 185 1387 230 villam
1435 187 1610 245 habuit,
1648 190 1717 238 ubi

336 266 376 292 se
407 265 429 291 a
462 248 581 291 rebus
616 248 780 290 urbanis
816 245 1074 295 eliminavit,
1111 257 1151 286 et
1180 259 1279 288 cum·
1309 247 1364 288 ibi
1398 249 1526 292 vitam
1579 264 1715 307 ageret

339 307 662 364 tranquilliorem
688 338 700 356 ‚
748 307 877 348 multa
911 303 1196 358 elucubravit,
1233 316 1274 347 et
1303 307 1520 362 praecipue
1565 308 1718 352 Rerum

339 367 598 408 Rusticarum
634 366 767 406 libros.
803 365 890 420 lpse
922 362 1031 403 enim
1063 364 1118 403 sic
1151 363 1202 404 de
1235 379 1307 405 sua
1338 364 1481 405 scribit
1523 367 1614 409 villa
1666 369 1718 411 de

340 425 398 466 Re
432 427 478 466 R.
511 424 581 465 lib.
612 423 683 465 111.
716 439 750 464 c.
787 425 810 464 5
846 420 924 462 Cui
956 436 1062 474 ego:
1095 437 1182 462 cum
1217 424 1390 465 habeam
1418 425 1486 465 sub
1503 428 1619 481 opido
1639 427 1719 470 Ca-

339 485 424 526 sino
447 486 599 538 flumen
615 513 630 533 ,
670 484 775 540 quod
807 495 889 535 pet·
917 479 1050 521 viltam
1073 482 1210 534 fluat,
1248 483 1445 537 liquidum
1465 512 1479 531 ‚
1510 493 1551 525 et
1569 486 1698 528 altum

343 543 588 598 marginibus
620 542 785 596 lapideis
815 541 941 579 latum
965 538 1096 593 pedes
1125 539 1264 579 LVII.
1297 549 1337 582 et
1367 556 1389 581 e
1421 542 1512 582 villa
1529 542 1570 582 in
1586 521 1723 585 villan}

342 602 527 658 pontibus
557 609 783 642 transeatur
816 598 977 652 longum
1005 599 1130 652 pedes
1164 597 1407 639 DCCCCL.
1437 601 1646 643 directaab
1663 607 1723 643 in⁴⁵

347 662 432 702 sula
464 664 505 701 in
537 663 753 707 Musemn,
785 672 888 711 quae
919 664 977 696 est
1008 657 1061 696 ab
1099 659 1211 697 Vinio
1229 657 1372 712 fluvio,
1409 658 1478 698 ubi
1493 662 1649 713 confluit
1666 664 1726 704 αἱ·

348 728 409 761 ter
438 718 566 760 amnis
594 720 648 758 ad
676 731 866 757 summum
884 717 1067 769 flumen,
1097 715 1163 754 ubi
1193 722 1251 755 est
1295 719 1493 755 Museum.
1539 717 1731 761 Cluepiug

349 775 440 818 Ital.
472 778 571 818 Ant.
592 773 659 814 lib.
695 774 769 815 111.
790 788 824 812 c.
846 775 868 812 8
908 773 1018 810 hunc
1041 769 1216 811 fluvium
1233 780 1350 826 putat
1368 773 1533 812 nomine
1547 775 1724 818 Vinium

354 843 596 888 corruptum
618 861 630 884 ‚
670 830 880 885 creditque
894 827 1094 870 Varronis
1110 837 1269 868 textum
1286 827 1572 883 corrigendum
1594 835 1644 875 ab
1675 835 1733 876 vi,

353 898 440 935 cino
464 891 602 946 fluvio.
639 888 876 929 Hodiedum
917 885 967 928 ab
992 885 1135 926 incolis
1170 885 1445 927 ostenduntur
1464 888 1599 931 adhuc
1626 891 1727 932 Var-

355 950 468 992 ronis
506 948 639 990 Musei
665 946 872 1001 reliquiae.
909 943 1069 982 Tullius
1089 957 1184 984 vero
1219 945 1290 1000 qui
1319 943 1441 986 huius
1460 949 1652 1003 praeclari
1670 951 1726 990 vi..

357 1010 392 1050 ri
434 1007 682 1048 mentionem
716 1005 810 1044 facit
845 1000 914 1041 lib.
952 999 985 1042 I.
1016 1001 1183 1054 Quaest.
1220 1001 1347 1042 Acad.
1375 1004 1564 1045 Marcum
1602 1008 1731 1049 Anto-

359 1067 476 1108 nium
516 1062 808 1120 reprehendit,
842 1057 956 1116 quod
988 1059 1102 1100 istius
1143 1058 1318 1102 domum
1361 1061 1416 1107 ob
1456 1061 1726 1107 immoderata

361 1124 558 1167 dedecora
590 1121 836 1179 profanarat.

476 1185 607 1238 Super
644 1180 750 1223 viam
790 1177 981 1220 Latinam
1023 1174 1203 1231 adsurgit
1246 1175 1462 1235 Aquinum
1499 1193 1523 1219 a
1553 1180 1724 1236 Neapoli

358 1241 546 1284 dissitum
586 1240 788 1294 sexaginta
826 1235 1027 1278 milliaria.
1057 1234 1151 1274 Hoc
1180 1233 1355 1290 opidum
1388 1236 1442 1279 ad
1460 1238 1737 1294 Campaniam

362 1301 593 1359 pertinuit,
629 1296 816 1354 quamvis
850 1293 917 1335 alii
951 1293 1144 1344 Volscis,
1176 1293 1384 1336 Latinisve
1422 1295 1630 1339 tribuunt.
1664 1298 1736 1339 ci«

365 1376 457 1402 cero
493 1359 596 1401 Phil.
634 1356 688 1398 ΙΙ.
725 1371 758 1397 c.
796 1361 845 1407 41
886 1351 1158 1408 municipium
1197 1351 1574 1408 frequentissimum
1613 1355 1735 1397 fluisse

371 1419 535 1471 scribit,
573 1427 612 1458 et
649 1415 817 1456 Tacitus
848 1412 953 1453 Hist·
991 1410 1061 1453 lib.
1099 1408 1151 1451 11.
1187 1424 1221 1452 c.
1259 1414 1313 1454 63
1345 1411 1563 1455 Coloniam
1612 1415 1739 1455 etiam·

377 1477 499 1519 fuisse
533 1474 685 1532 prodit.

495 1535 615 1575 Sexto
640 1531 841 1574 Ecclesiae
873 1526 1029 1570 saeculo
1059 1526 1274 1584 Aquinum
1294 1527 1374 1570 fait
1400 1537 1599 1571 eversum.
1622 1528 1737 1571 Non-

382 1593 493 1634 nulla·
522 1593 656 1632 adhuc
694 1592 778 1646 ipsa
814 1598 943 1629 servat
974 1596 1128 1627 vetusta
1161 1596 1428 1628 monumenta
1447 1617 1459 1638 ,
1498 1602 1604 1642 quae
1632 1588 1738 1627 anti-

383 1667 505 1708 quam
543 1648 820 1706 praeseferunt
855 1642 1192 1698 magnificentiam
1214 1674 1231 1693 ‚
1261 1654 1301 1685 et
1332 1644 1547 1701 praecipue
1577 1645 1738 1700 amphi„

385 1710 532 1750 theatri
564 1708 732 1756 ruinas,
768 1720 868 1762 quae
900 1711 1011 1743 nnnc
1043 1699 1297 1756 appellantur
1344 1700 1394 1742 ab
1448 1701 1646 1755 indigenis
1681 1701 1742 1743 Le

384 1778 516 1825 grette
547 1769 776 1820 de’Pagani
797 1794 812 1813 ,
847 1762 903 1801 sic
934 1760 1093 1807 dictae,
1126 1759 1240 1814 qnod
1267 1758 1365 1801 olim
1385 1774 1407 1798 a
1439 1759 1642 1799 Saracenis
1661 1758 1747 1799 sue·-

389 1828 469 1868 rint
507 1825 722 1866 habitatae.
756 1821 852 1863 Fuit
883 1818 1004 1859 etiam
1043 1817 1084 1856 in
1118 1816 1193 1857 hac
1222 1816 1321 1857 urbe
1355 1818 1601 1866 Theatrum,
1634 1825 1679 1856 ut
1696 1830 1745 1856 ex

387 1885 604 1927 rudeiibus
637 1896 740 1939 quae
770 1885 1016 1937 supersunt,
1047 1873 1183 1915 videre
1215 1884 1274 1915 est
1293 1904 1306 1927 ,
1341 1875 1454 1916 haud
1485 1876 1626 1928 procul
1645 1889 1664 1912 a
1684 1874 1748 1912 via

390 1946 548 1985 Latina.
584 1944 750 1984 Restant
781 1938 902 1980 etiam
937 1935 1119 1975 duorum
1151 1932 1400 1987 temptorum
1436 1932 1606 1982 ruinae,
1643 1944 1745 1987 quo·

391 2017 486 2044 rum
518 2000 692 2042 alterum
732 1993 900 2038 Herculi
936 1991 1116 2032 dicatum
1146 1988 1341 2031 creditur.

511 2057 700 2104 Secundo,
735 2053 890 2096 Punico
924 2048 1033 2091 bello
1073 2046 1216 2088 urbem
1253 2045 1369 2102 plura
1414 2061 1568 2102 passam
1622 2045 1751 2098 eredi5=¹

395 2128 473 2158 tut·¹
533 2116 736 2172 Conlapso
782 2110 1064 2152 Romanorum
1107 2104 1313 2161 imperio,
1359 2104 1488 2146 Gothi
1529 2105 1746 2159 primum,

393 2175 648 2232 Langobardi
689 2170 834 2215 deinde
868 2167 908 2207 in
955 2166 1150 2207 miserum
1193 2171 1343 2203 statum
1383 2160 1549 2203 eandem
1587 2161 1753 2203 reduxe-

394 2246 504 2276 runt·
543 2236 597 2275 D.
633 2230 854 2285 Gregorius
886 2224 1042 2279 Dialog.
1079 2221 1150 2266 lib.
1184 2219 1252 2263 111.
1290 2235 1324 2261 c·
1364 2222 1389 2263 8
1429 2220 1576 2260 horum
1596 2230 1751 2275 tempo-

395 2309 489 2336 rum
528 2292 781 2334 mentionem
816 2284 963 2334 faciens
1003 2283 1054 2329 de
1083 2282 1158 2325 hac
1177 2279 1277 2324 urbe
1306 2277 1362 2327 sic
1398 2277 1564 2322 scribit.‚·
1604 2277 1752 2322 Cuncti
