1920 2579
558 226 920 283 CAPUT
995 225 1088 277 IX.

138 373 201 411 Pit
238 366 387 411 mentio
419 365 467 406 de
500 362 588 406 aliis
618 363 720 403 ultra
759 358 940 415 Capuam
974 357 1165 404 urbibus,
1197 361 1240 394 ut
1282 351 1424 394 Casino
1443 383 1453 403 ,
1476 353 1522 391 A·

198 431 318 482 ([1ιίηο
341 456 353 477 ,
384 424 577 477 Fregellis
597 452 607 472 ,
642 420 798 474 Arpino
818 449 827 469 ,
867 418 999 467 Sora,
1035 413 1169 456 Atina
1193 442 1205 461 ‚
1236 410 1437 466 VenafrO,
1456 411 1520 450 A-

197 485 278 538 lg'fis
300 519 313 538 ,
353 482 503 539 Callifis
521 512 532 532 ,
572 488 613 521 et
638 478 808 521 Telesia.
829 476 1077 518 Describitur
1098 472 1293 516 Varronis
1309 470 1514 519 Mustelam,

202 555 242 585 et
277 544 400 584 insula
434 541 556 583 Sora.

262 659 458 702 Casinum
492 657 672 699 occurrit
702 670 823 710 super
853 653 956 693 viam
991 649 1178 693 Latinam
1201 679 1215 699 ,
1267 663 1347 704 qua
1386 646 1516 687 viator

139 735 162 760 e
192 719 328 760 Roma
362 717 567 771 Arpinum
600 713 827 754 ducebatur
851 744 865 763 ,
903 712 973 753 ubi
1006 711 1104 750 haec
1137 707 1235 749 urbs
1268 706 1400 762 posita
1437 714 1522 745 erat

139 777 191 816 ad
226 774 377 816 radices
412 774 574 825 montis,
606 773 748 828 inquo
771 770 950 825 adsurgit
982 767 1235 809 casinatium
1253 766 1293 806 S.
1317 762 1523 804 Benedicti

143 832 418 877 Coenobssum.
453 835 510 875 Ea
544 845 640 873 vero
674 831 715 871 in
749 830 866 872 Latio
899 825 1113 884 quondam
1152 833 1248 864 erat.
1296 822 1401 862 Sunt
1452 821 1525 876 qui

144 902 291 946 putant
324 904 413 930 eam
444 891 495 931 ad
526 891 725 930 Samnites
759 886 1028 942 pertinuisse,
1059 894 1101 923 at
1131 883 1213 921 hoc
1248 879 1408 931 salsum3
1442 881 1525 920 Pii.

138 950 229 988 nius
260 947 365 987 Hist.
397 948 492 988 Nat.
531 947 599 987 lib.
633 947 706 987 ΙΙΙ.
740 960 775 986 c.
808 945 833 985 5
866 942 1039 982 eandem
1087 939 1246 980 Latinis
1295 937 1524 978 adscribere

142 1004 304 1046 videtur
324 1035 337 1054 ,
370 1014 411 1044 et
441 1004 588 1046 Strabo
617 1004 687 1045 lib.
721 1004 775 1045 V.
807 1002 936 1056 ipsam
968 999 1091 1040 etiam
1124 997 1267 1037 iisdem
1300 994 1407 1035 clare
1452 996 1525 1034 tri-

140 1062 230 1104 buit
253 1093 264 1114 ‚
297 1076 392 1102 cum
423 1072 515 1104 ante
547 1062 726 1105 eiusdem
757 1059 965 1115 scriptoris
984 1068 1148 1114 tempus
1164 1054 1215 1095 ad
1236 1054 1414 1098 Volscos
1435 1068 1525 1109 per-

144 1121 280 1161 tinuit.
314 1121 433 1162 Hanc
466 1121 646 1164 nobilem
682 1120 803 1162 {uisse
835 1117 885 1158 ab
915 1116 1063 1158 eodem
1095 1125 1363 1156 memoratur.
1399 1113 1523 1152 Anno

140 1194 237 1245 veru
270 1188 363 1220 ante
394 1179 608 1223 Christum
641 1176 865 1223 CCCXIII.
897 1176 938 1217 in
958 1175 1241 1217 Romanorum
1265 1185 1412 1214 manus
1435 1186 1524 1227 per-

140 1247 261 1279 vemt.

260 1295 305 1336 In
337 1295 443 1338 hanc
475 1296 646 1341 Colonia
679 1293 963 1339 fuit‘deducta
997 1292 1142 1335 eodem
1174 1300 1359 1347 tempore
1381 1321 1391 1340 ,
1445 1304 1528 1345 quo

143 1356 284 1396 Suessa
315 1369 481 1412 quoque
515 1357 594 1399 fuit
625 1355 830 1404 Colonia,
862 1351 979 1409 quod
1026 1351 1172 1393 accidit
1218 1364 1330 1392 anno
1377 1350 1435 1389 V.
1481 1347 1529 1389 C.

143 1410 405 1454 CCCCLXI.
439 1417 483 1457 L.
516 1415 681 1472 Papirio
723 1413 936 1464 Cursore,
984 1421 1023 1453 et
1069 1411 1118 1452 C.
1169 1408 1289 1450 Iunio
1339 1405 1531 1448 Bubulco

141 1473 251 1513 Coss.
287 1473 473 1526 quamvis
504 1488 550 1515 ea
582 1472 774 1515 deductio
805 1471 911 1513 facta
945 1478 1004 1510 est
1033 1466 1391 1522 annoinsequenti
1411 1466 1531 1508 Cossi

143 1532 204 1572 M.
243 1527 409 1570 Valerio
433 1562 446 1581 ,
480 1541 519 1573 et
550 1534 594 1573 P.
629 1531 790 1580 Decio,
820 1529 892 1586 qui
923 1542 1053 1568 annus
1087 1525 1166 1567 fuit
1196 1524 1262 1565 ille
1294 1524 1405 1565 idem
1428 1554 1442 1573 ‚
1487 1523 1529 1563 in

142 1602 226 1642 quo
259 1587 419 1643 Appius
451 1589 648 1632 Claudius
680 1602 822 1631 censor
856 1587 1038 1644 Appiam
1071 1583 1178 1625 viam
1211 1582 1319 1625 silice
1370 1581 1526 1622 stravit.

142 1646 190 1686 Id
223 1659 345 1686 omne
378 1646 506 1704 liquet
537 1663 585 1693 ex
618 1648 741 1690 Livio
771 1646 842 1689 lib.
876 1646 948 1688 IX.
983 1659 1016 1686 c.
1049 1657 1116 1698 29.
1141 1642 1314 1699 Reperta
1337 1640 1414 1681 fuit
1431 1640 1529 1680 olim

147 1703 360 1766 insqriptio
392 1706 560 1759 Casini,
597 1722 643 1748 ex
676 1721 759 1763 qua
791 1703 1058 1747 confirmatur
1088 1702 1132 1742 in
1152 1701 1257 1742 hanc
1279 1699 1424 1741 urbem
1444 1697 1528 1740 Co-

148 1760 304 1799 lomam
337 1761 568 1804 deductam.
603 1764 801 1805 Eiusdem
836 1764 1086 1804 mentionem
1119 1759 1216 1801 facit
1247 1757 1359 1798 idem
1381 1766 1529 1796 auctor

147 1816 219 1881 ltb.
252 1815 396 1859 XXII.
429 1834 462 1859 c.
498 1822 551 1863 23
585 1836 682 1862 cum
713 1821 903 1862 describit
935 1815 1177 1859 Hannibalis
1208 1817 1430 1856 transitum
1453 1829 1527 1869 per

145 1889 253 1914 vlam
288 1877 504 1930 Latinam,
536 1889 582 1920 ut
616 1878 792 1919 Romam
826 1885 1007 1934 pergeret
1047 1873 1099 1915 ad
1141 1888 1231 1914 eam
1286 1885 1525 1929 oppugnan-

143 1933 251 1997 d{2{n·
287 1932 400 1975 Nihil
432 1936 543 1978 aliud
576 1950 686 1978 nunc
719 1936 770 1977 de
799 1935 943 1977 eadem
976 1933 1098 1974 restat
1120 1963 1132 1982 ‚
1164 1944 1289 1989 quam
1319 1931 1385 1971 vix
1435 1945 1522 1971 am·

143 1990 396 2046 phitheatri,
429 2004 469 2034 et
501 1994 714 2036 cuiusdam
747 1992 1024 2051 aquaeductus
1058 2005 1129 2045 per
1176 2003 1292 2045 agros
1339 1986 1486 2030 rudera
1509 2008 1519 2028 .-

143 2062 304 2114 necfnqn
338 2051 537 2107 templum
571 2053 672 2094 olim
707 2052 845 2108 ignoto
880 2049 1037 2092 numini
1070 2047 1250 2089 dicatum
1275 2078 1287 2096 ,
1327 2045 1442 2104 quod
1464 2061 1520 2087 se·

144 2120 277 2161 quior]
310 2122 410 2150 aevo
440 2111 481 2151 in
513 2112 844 2154 Christianorum
877 2107 1100 2152 Ecclesiam
1136 2107 1213 2148 fuit
1260 2119 1519 2146 conversum.

144 2163 343 2230 &nuptm
379 2168 662 2214 Romanorum
695 2169 856 2212 fortuna
880 2200 892 2218 ,
926 2178 965 2208 et
995 2164 1181 2207 narbaris
1211 2165 1366 2205 ltaliam
1388 2177 1518 2218 popu-

144 2221 322 2263 lanubus
344 2255 355 2275 ,
386 2227 669 2270 Theodericus
702 2227 940 2269 Gothorum
972 2226 1056 2266 Rex
1092 2225 1290 2266 Casinum
1338 2222 1516 2263 devastffi

147 2281 204 2322 Ὑί(
225 2313 240 2337 2
277 2282 388 2342 (IUOd
417 2287 611 2345 temporis
644 2300 855 2344 progressu
888 2284 1050 2344 penitus
1081 2283 1159 2327 suit
1193 2296 1393 2366 giemum.
