1920 2579
1417 90 1494 130 165

126 165 261 197 menta
294 150 504 194 eruderata
541 149 672 192 adhuc
691 148 913 192 ostendunt
935 149 1307 207 antiquissimarum
1332 148 1496 190 urbium

131 211 480 268 magnificentiam.
512 210 625 263 Quid
662 209 794 249 dicam
849 209 898 249 de
933 219 992 250 tot
1039 210 1180 250 statuis
1235 204 1492 251 nobilissimis

131 272 363 322 nuperrime
396 269 550 310 effossis
582 267 691 324 apud
723 267 1049 318 Herculaneum,
1073 267 1305 323 Pompeios,
1324 264 1497 317 stabias,

130 323 311 385 Capuam
338 360 349 379 ,
380 322 579 382 aliasqu'ae
614 325 760 377 urbes,
793 341 966 382 quarum
1002 326 1231 367 excellentia
1256 327 1372 381 longe
1393 326 1498 366 mul-

132 400 300 443 tumque
334 396 494 441 superat
527 385 663 425 omnia
698 384 903 425 vetustatis
936 396 1198 425 monumenta
1226 395 1240 426 ?
1287 387 1399 440 Quid
1451 387 1500 428 <le

131 449 329 501 picturis,
361 458 535 500 quarum
568 441 774 483 infinitum
810 442 983 499 pretium
1019 443 1128 484 haud
1161 455 1216 483 est
1238 447 1504 501 aequiparan-

133 504 232 544 dum
267 519 358 543 cum
394 502 466 542 alia
500 501 638 556 quavis
672 511 795 543 re?et
827 517 977 558 quaeso
1012 518 1052 543 ea
1075 515 1339 543 monumenta
1366 536 1375 553 ,
1398 519 1503 561 quae

131 563 180 603 ad
217 576 288 602 nos
319 574 533 616 pervenere
563 574 656 600 cum
690 558 942 617 Sculptnrae,
963 572 1047 602 tum
1083 563 1266 601 Picturae
1288 577 1420 603 nonne
1453 565 1501 606 ab

131 620 293 675 optimis
324 619 489 661 Graecis
521 617 752 665 auctoribus
785 636 805 660 e
836 621 936 660 saxis
970 618 1119 675 scalpta
1135 619 1245 659 suere
1266 626 1282 661 f
1302 623 1447 662 Nonne
1468 633 1508 663 et

134 678 373 728 Praxitelis,
411 688 448 718 et
484 677 664 732 Scopae,
715 687 754 717 et
800 679 952 734 Apellis
1001 693 1123 734 opera
1155 678 1206 718 ad
1256 694 1327 718 nos
1374 696 1500 736 usque

132 737 274 778 tradita
311 737 453 778 fuere?
484 737 677 777 Nostram
712 735 831 790 igitur
852 737 1052 791 regionem
1072 752 1221 793 ,quam
1241 736 1355 778 Graii
1372 754 1504 793 quon-

134 796 225 836 dum
262 795 545 847 incoluerunt,
567 793 1064 848 magnificentissimorum
1093 810 1266 851 operum
1300 808 1506 849 parentem

134 855 330 908 optimam
351 886 360 902 ,
396 864 434 894 et
467 852 698 905 magistram
731 852 852 894 fuisse
883 853 1043 910 liquet:
1076 854 1181 893 hanc
1212 854 1378 909 quidem
1413 871 1509 909 gen-

134 923 218 952 tem
252 911 360 953 haud
394 928 487 952 cum
518 911 593 952 alia
626 922 779 952 vetusta
803 943 814 965 ,
850 912 910 954 vel
942 912 1134 953 hodierna
1168 927 1293 969 quam
1331 912 1502 955 celeber-

131 971 234 1012 rima
265 985 497 1027 comparare
529 971 718 1014 auserim.

254 1032 369 1084 Quae
402 1044 496 1069 cum
531 1029 582 1069 ita
633 1030 740 1080 sint,
790 1027 1055 1070 inficiandum
1104 1029 1215 1070 hand
1267 1041 1378 1082 est,ss
1404 1033 1506 1087 quin

138 1088 285 1129 isthaec
317 1088 449 1129 studia
469 1119 480 1137 ,
513 1098 634 1142 atque
663 1085 842 1127 liberales
873 1098 976 1129 artes
1008 1099 1095 1128 tum
1132 1087 1193 1129 vel
1229 1089 1398 1130 maxime
1431 1090 1509 1130 sso-

137 1148 292 1188 ruerint
312 1178 324 1196 ‚
344 1161 436 1186 curn
469 1145 708 1200 Respublica
729 1144 778 1186 ad
799 1145 1013 1186 maiestatis
1046 1145 1205 1199 culmen
1230 1149 1424 1202 pervenit,
1447 1147 1510 1189 vel

138 1220 234 1246 cum
267 1205 410 1262 optimi
441 1205 533 1246 Viri
569 1204 770 1260 Principes
801 1203 1033 1246 Romanum
1066 1220 1201 1246 rexere
1250 1206 1472 1262 Imperium
1500 1224 1509 1248 ;

140 1275 178 1305 et
209 1280 252 1305 re
284 1263 448 1320 quidem
482 1278 575 1304 vera
611 1263 703 1319 quis
751 1273 901 1317 neget,
951 1265 1126 1320 Augusti
1175 1278 1273 1305 aevo
1322 1266 1509 1306 homines

136 1323 327 1364 omnibus
358 1322 557 1374 scientiis,
610 1332 733 1377 atque
778 1321 932 1362 artibus
978 1324 1161 1379 apprime
1206 1323 1510 1364 callentissimus

138 1380 343 1430 extitisse,
377 1380 448 1436 qui
480 1378 788 1436 Rempublicam
811 1410 821 1430 ‚
856 1390 892 1420 et
923 1381 1146 1437 Imperium
1179 1381 1231 1421 ad
1255 1381 1512 1436 magnificem-⁴

138 1440 213 1480 tiae
244 1439 413 1493 gradum
447 1439 675 1480 reduxere?
704 1440 942 1492 Augustum
972 1439 1080 1480 enim
1111 1438 1342 1481 studiorum
1376 1456 1513 1482 aman-

140 1498 345 1539 tissimum
387 1497 506 1538 fuisse
535 1496 584 1537 ad
620 1511 746 1536 unum
785 1511 924 1538 omnes
962 1498 1146 1554 produnt
1181 1497 1283 1539 illius
1317 1503 1510 1555 temporis

139 1567 366 1610 scriptores.
399 1557 506 1596 Hinc
537 1554 611 1609 ipsi
644 1554 748 1595 cives
780 1555 1039 1609 Imperatoris
1073 1557 1233 1612 vestigia
1282 1568 1511 1613 sequentes,

136 1616 318 1655 animum
350 1613 401 1654 ad
431 1612 562 1655 studia
594 1628 777 1670 quaeque
810 1614 1007 1655 adiecere:
1042 1614 1136 1655 hinc
1169 1627 1255 1655 tum
1293 1619 1350 1657 vel
1386 1617 1509 1656 maxi-

138 1689 204 1715 me
234 1672 415 1715 liberales
447 1684 549 1713 artes
580 1672 629 1711 ad
665 1673 855 1714 ultimum
887 1673 1142 1728 perfectionis
1174 1673 1334 1714 culmen
1372 1673 1511 1714 redac-

137 1743 199 1772 tae
232 1731 376 1780 fuere,
410 1732 504 1772 hinc
537 1741 594 1771 est
628 1730 744 1771 etiam
765 1762 780 1782 ,
817 1743 861 1772 ut
893 1734 1064 1786 Augusti
1097 1743 1202 1773 aetas
1235 1733 1386 1774 Aurea
1422 1749 1506 1788 pas-

140 1792 215 1831 sim
247 1804 267 1830 a
302 1790 565 1846 scriptoribus
596 1787 802 1830 salutetur.
837 1793 888 1832 Et
923 1790 1027 1832 sorte
1059 1791 1221 1832 fortuna
1246 1807 1292 1832 eo
1328 1803 1511 1847 tempore

142 1848 317 1889 floruere
351 1859 408 1889 tot
442 1848 607 1902 magui,
646 1847 901 1903 celebresque
933 1847 1116 1889 homines
1151 1851 1301 1891 virtute
1323 1881 1336 1898 ‚
1380 1861 1415 1888 et
1454 1865 1514 1890 ar-

142 1907 218 1948 mis
251 1906 485 1958 clarissimi,
522 1906 580 1946 nti
610 1904 768 1946 Tullius
788 1938 801 1956 ,
840 1908 1062 1948 Hortenius
1085 1938 1095 1957 ‚
1133 1907 1330 1962 Virgilius
1357 1938 1368 1955 ,
1427 1908 1514 1947 Ho-

143 1966 268 2007 ratius
293 1997 304 2013 ‚
338 1966 594 2021 sexcentique
623 1963 690 2004 alii
724 1966 813 2006 Viri
858 1966 1028 2021 insigues
1052 1997 1062 2014 ,
1117 1966 1187 2021 qui
1239 1981 1363 2020 usque
1409 1966 1511 2007 dum

139 2034 259 2064 erunt
287 2024 458 2076 literae,
510 2023 559 2064 ad
592 2023 720 2064 sidera
771 2025 1024 2066 extollentur.
1078 2024 1232 2065 Rursus
1278 2039 1370 2067 vero
1416 2040 1509 2065 curn

144 2085 302 2137 tyranni
337 2082 500 2138 Imperii
532 2097 735 2123 summam
788 2083 1038 2133 obtinuere,
1090 2093 1188 2123 tunc
1238 2093 1275 2122 et
1321 2084 1516 2139 ingenuae

144 2151 246 2181 artes
267 2171 279 2192 ‚
311 2152 346 2182 et
381 2156 546 2182 amor-na
579 2140 710 2182 studia
745 2156 908 2197 prorsus
942 2140 1165 2182 obliterata.
1198 2140 1310 2181 Nam>
1337 2147 1367 2182 si
1418 2142 1510 2196 igui-

147 2209 228 2238 met
261 2203 422 2256 tyranni
457 2201 654 2254 sapientes
686 2202 872 2241 homines
903 2199 1020 2241 exilio
1052 2201 1313 2249 multarunt,
1364 2213 1402 2241 et
1455 2201 1507 2241 ad

150 2271 290 2298 necem
326 2274 450 2315 usque
482 2273 547 2301 eos
578 2258 760 2302 insectati
793 2259 903 2301 fuere
925 2258 1054 2316 :quid
1075 2272 1223 2316 quaeso
1243 2260 1514 2315 tranquillum
