1920 2579
1491 139 1572 189 1³47

190 194 473 246 circumeunt,
507 201 552 234 ut
587 206 719 249 nuper
748 190 828 232 suit
862 187 1161 244 observatum3
1204 186 1247 231 at
1298 201 1413 232 nune
1451 204 1558 233 non-

186 254 262 294 nisi
297 251 431 309 aliqua
468 250 729 293 moeniorum
761 265 854 306 pars
887 260 948 291 est
991 249 1218 292 eruderata.
1253 249 1382 291 Vrbis
1425 249 1555 290 ambi-

186 320 250 352 tus
288 313 382 352 satis
418 308 626 360 ostendit,
666 309 884 366 Pompeios
929 309 1076 350 urbem
1114 306 1238 350 fuisse
1273 322 1493 362 maguam,
1515 318 1556 349 et

187 370 432 426 spatiosam,
469 382 574 423 quae
610 369 829 409 maximam
858 367 1133 423 frequentiam
1170 366 1380 409 continere
1416 367 1559 423 utique

184 438 351 484 poterat.
403 426 577 468 Vtinam
622 436 706 468 tota
742 426 838 468 urbs
885 436 1022 467 nostra
1065 424 1318 467 effoderetur
1376 435 1506 468 aetate
1542 457 1554 476 ,

185 501 287 542 qnae
318 485 643 541 pulcherrimum
676 485 861 540 profecto
895 484 1144 541 Campaniae
1176 483 1353 540 opidum
1391 482 1559 524 adveni-

189 546 344 584 entium
383 543 513 585 oculis
560 553 652 600 post
681 542 823 588 decem
873 554 912 585 et
945 553 1042 585 octo
1081 544 1240 584 saecula
1299 541 1556 594 ostenderet!

188 602 358 656 Quoties
388 618 460 656 ego
498 600 794 658 Pompeiorum
831 602 991 644 moenia
1034 601 1254 657 conspexi,
1288 585 1400 643 haud
1438 601 1559 656 potui

185 661 315 702 facere
356 662 454 716 quin
508 660 684 701 Munatii
735 662 857 717 Magii
897 659 1211 710 Asculanensis‚
1244 670 1282 700 et
1331 659 1383 703 L.
1425 658 1560 716 Syllae

189 719 494 771 meminissem,
532 721 604 773 qui
639 718 812 774 opidum
844 720 1010 774 longam
1047 728 1139 775 post
1182 717 1439 760 obsidionem
1472 717 1559 776 (ut

185 776 400 829 ereditur)
438 787 703 833 occuparunt.
740 777 1039 833 Fueritneipsa
1078 777 1273 828 moenia,
1310 792 1416 833 quae
1449 791 1559 818 nunc

188 836 382 890 temporis
429 837 581 890 integra
617 836 971 901 conspiciuntur,
1027 849 1079 875 an
1114 834 1287 876 fortasse
1334 844 1559 877 restaurata

190 893 333 947 {quae
364 893 510 933 Sociali
546 893 655 934 bello
687 894 794 934 cives
827 893 1139 965 defenderunt)
1178 892 1388 935 incertum
1431 893 1559 935 lecto·-

189 950 302 991 ribus
337 949 618 1005 relinquimus

304 1006 412 1048 Vrbs
448 1007 499 1049 ad
531 1022 645 1049 mare
682 1007 794 1059 fust,
826 1018 867 1050 et
903 1018 1076 1066 portum
1106 1023 1127 1049 a
1161 1010 1292 1053 ventis
1312 1018 1454 1050 tutum
1491 1015 1562 1051 ha·

190 1067 309 1120 buit,
347 1077 393 1107 ut
427 1081 474 1108 ex
511 1064 699 1124 pluribus
736 1078 831 1109 ante
871 1067 1047 1108 recitatis
1067 1078 1288 1110 auctorum
1314 1067 1559 1110 testimoniis

187 1125 416 1167 luculenter
452 1126 662 1183 probatur.
699 1125 884 1168 Huiusce
918 1125 1020 1167 nihil
1050 1124 1281 1169 hodiedum
1300 1137 1452 1169 restat:
1481 1142 1561 1170 ma-

186 1201 230 1226 re
265 1183 318 1225 ad
355 1183 438 1225 duo
465 1185 626 1228 circiter
661 1184 849 1228 milliaria
879 1184 1004 1228 abest.
1045 1185 1241 1228 Sarnus
1231 1201 1318 1253 ipse
1356 1187 1428 1244 qui
1450 1201 1565 1229 com-

185 1259 311 1286 mune
345 1243 483 1285 navale
532 1244 731 1296 Nolanis,
776 1245 1028 1300 Acerranis,
1074 1255 1114 1286 et
1159 1243 1378 1288 Nucerinis
1425 1257 1511 1288 erat
1555 1279 1570 1297 ,

187 1302 312 1345 hodie
343 1303 407 1344 vix
436 1301 552 1344 fluvii
583 1317 736 1345 nomen
782 1304 930 1346 habet:
961 1304 1075 1347 adeo
1110 1319 1177 1346 res
1219 1304 1309 1346 heic
1353 1308 1565 1347 mutatae!

186 1362 357 1407 Fluvius
397 1376 526 1418 prope
563 1362 708 1404 urbem
733 1363 976 1420 praeterlabi
1004 1362 1209 1413 debebat,
1240 1364 1314 1420 qui
1350 1375 1413 1406 tot
1451 1381 1562 1406 mer-

187 1436 251 1463 ces
284 1435 331 1462 ex
362 1421 594 1489 longinquis
625 1421 758 1478 opidis
792 1421 835 1464 in
871 1422 1017 1465 urbem
1050 1420 1323 1467 introducere
1353 1422 1562 1476 debebat3

187 1480 287 1536 quin
322 1489 361 1519 et
388 1480 683 1522 vicinissimum
708 1481 846 1537 ipsum
877 1496 989 1522 mare
1020 1481 1231 1538 piscosum
1249 1480 1422 1525 ubinam
1442 1481 1560 1523 abiit?

187 1538 354 1581 ubinam
388 1549 534 1595 portus
568 1538 869 1590 celeberrimus,
899 1539 972 1596 qui
1011 1550 1073 1581 tot
1097 1540 1385 1582 Romanorum
1424 1540 1568 1598 adspe-

187 1597 311 1640 ctavit
349 1597 505 1648 classes,
524 1613 608 1651 quo
641 1599 685 1640 Ρ
719 1598 939 1639 Cornelius
955 1597 1168 1656 quondam
1199 1598 1250 1640 ad
1270 1599 1565 1656 populandum

186 1655 364 1712 perrexit
391 1657 650 1700 Nucerinum
673 1660 851 1713 agrum?
883 1657 989 1701 nihil
1008 1656 1119 1698 aliud
1137 1667 1320 1714 superest
1340 1657 1566 1700 hodiedum

186 1729 314 1772 quam
347 1726 505 1757 arentes
553 1716 777 1758 immensae
822 1716 993 1774 paludes
1023 1717 1110 1760 sole
1139 1725 1430 1759 exaestuantes.
1463 1717 1568 1760 Vbi·

189 1788 287 1815 nam
320 1772 430 1816 cives
462 1775 531 1829 qui
565 1790 612 1815 ex
647 1774 822 1815 moeniis
853 1775 1100 1818 deliciosum
1134 1774 1448 1839 conspiciebant
1481 1791 1567 1819 ma-

191 1848 269 1880 re,
300 1831 522 1881 abierunt,
553 1832 622 1889 qui
656 1831 936 1899 pulcherrima
966 1832 1073 1876 coeli
1105 1832 1337 1890 temperie,
1368 1842 1409 1876 et
1441 1834 1567 1891 plaga

190 1888 445 1956 gaudentes,
476 1905 556 1947 qua
587 1890 747 1932 Stabias
779 1892 1063 1950 propinquas,
1097 1901 1138 1933 et
1168 1891 1414 1934 Surrentum
1438 1924 1449 1945 ‚
1483 1908 1565 1949 qua

189 1949 428 2007 Apenninos
461 1950 616 1993 vicinos
648 1959 811 1992 montes
829 1982 842 2000 ,
877 1965 957 2006 qua
987 1950 1220 1992 Vesuvium
1240 1951 1344 1994 vinis
1363 1950 1567 1994 abundan-

191 2020 304 2064 tem,
333 2025 422 2066 qua
452 2010 765 2052 Herculaneum
788 2040 801 2059 ,
833 2009 1054 2067 Neapolim
1086 2009 1409 2066 adspectabant,
1446 2025 1566 2075 quae-

189 2084 267 2126 que
290 2045 412 2110 urbs
441 2068 634 2113 omnibus
667 2069 771 2111 vitae
804 2067 1031 2111 commodis
1063 2068 1318 2111 fruebatur?
1357 2068 1566 2112 Vesuvius

193 2137 305 2169 extra
337 2128 472 2172 ullum
502 2127 676 2170 dubium
708 2143 875 2170 omnem
910 2144 1001 2170 eam
1021 2129 1204 2186 plagam,
1224 2137 1446 2187 antequam
1462 2142 1563 2170 con-

193 2186 419 2244 flagraret,
452 2187 624 2231 omnino
654 2187 857 2241 mutavit,
890 2188 960 2245 qui
991 2187 1175 2247 plurium
1207 2185 1430 2244 opidorum
1449 2188 1563 2244 peni-

196 2255 262 2288 tus
294 2247 540 2290 memoriam
571 2246 835 2298 obliteravit3
870 2257 989 2306 atque
1022 2246 1160 2290 adhuc
1193 2246 1366 2290 dubium
1397 2255 1457 2289 est
1477 2245 1561 2288 ubi

189 2319 287 2347 nam
318 2305 524 2350 extiterint
554 2307 755 2350 locorum.
778 2306 900 2350 Nam
932 2307 1163 2367 Opnlenti,
1214 2305 1377 2350 Chorae
1397 2338 1410 2357 ,
1451 2306 1558 2348 Tau
