1920 2579
288 117 316 158 6

285 173 467 218 extitisse
501 190 631 232 usqne
665 175 765 218 dum
795 175 968 219 Romani
1001 194 1047 221 ea
1077 177 1198 238 opida
1229 194 1516 241 occuparint,
1551 195 1591 228 et
1612 203 1660 230 ex

285 233 367 275 illis
400 235 602 278 nonnulla
636 251 708 292 per
740 235 910 292 longam
940 247 1112 281 aetatem
1145 239 1289 284 iisdem
1310 245 1494 286 moribus
1517 246 1660 288 vixisse

284 303 445 336 certum
477 303 547 335 est.

60 367 276 397 VndePuteolo-
406 352 681 395 Puteolorum
716 353 782 413 (ι)
818 353 961 397 deinde
994 372 1151 400 nomen
1185 361 1397 417 usurpavit
1440 362 1489 404 ab
1539 377 1662 418 aqua-

70 415 124 431 rum
143 408 250 438 etymon
267 421 275 434 ,

69 446 188 467 “vam
208 441 278 466 urbis
291 426 384 452 rum
414 410 645 454 calidarum
678 422 825 470 putore
856 414 906 456 ob
946 416 1220 473 sulphureum
1251 420 1405 469 solum,
1429 422 1492 462 vel
1528 421 1664 477 potius

60 478 172 503 nomm
292 485 315 511 a
345 477 567 534 puteorum
598 470 829 529 frequentia
851 504 863 523 ‚
897 476 1012 532 aquis
1044 475 1186 518 calidis
1219 476 1531 521 abundantium.
1585 480 1665 520 Ca-

281 543 426 596 pacms
457 527 566 574 Hist.
600 532 732 588 Neap.
766 532 839 574 lib.
881 546 940 575 ιι.
973 549 1009 577 c.
1046 544 1099 587 24
1132 534 1313 590 lapidem
1344 537 1479 588 affert,
1512 553 1559 580 ex
1582 553 1664 595 quo

282 587 479 629 Puteolos
511 586 659 630 urbem
691 600 974 649 nuncupatam
1004 593 1108 634 olim
1156 601 1331 636 constat.
1381 598 1660 638 Martorellius

285 660 385 689 vero
417 643 611 689 Phoenic.
643 663 737 705 pag.
771 663 820 690 21
861 649 911 691 ab
941 651 1131 693 Hebraeo
1152 686 1165 705 ,
1200 652 1266 694 vel
1301 651 1524 697 Phoenicio
1557 654 1664 698 hane

286 719 438 749 vocem
469 702 658 757 derivat,
692 722 796 764 quae
829 707 944 750 iuxta
977 709 1155 752 eundem
1188 710 1370 761 Laetae,
1404 715 1470 754 vel
1492 723 1665 755 conten-

290 764 598 829 tionis-urbem
632 765 710 808 sibi
740 767 863 816 vult,
896 767 1047 826 quippe
1081 764 1192 827 quod
1225 778 1366 825 gentes
1403 773 1538 814 variae
1562 803 1576 822 ‚
1628 781 1668 813 et

291 820 462 865 diversus
496 824 752 880 temporibus
785 826 865 868 soli
900 827 1084 870 ubertate
1116 829 1187 870 illa
1219 828 1330 871 fuere
1363 828 1608 871 dominatae.

339 938 347 945 ·
407 879 661 940 Nuncupata
692 884 819 928 etiam
850 884 928 927 fuit
962 886 1126 928 Flavia
1158 903 1180 928 a
1230 888 1376 931 Flavio
1427 888 1669 946 Vespasiani

290 938 409 992 filio,
442 938 626 986 fortassis
657 944 708 986 ab
741 944 1066 1000 Amphitheatro
1113 946 1344 989 Puteolano
1394 957 1624 989 restaurato
1648 978 1662 996 ‚

291 998 360 1041 vel
393 1014 415 1040 a
448 997 627 1045 Colonia
660 1003 716 1045 ibi
749 1002 1030 1047 deducta'sub
1065 1005 1216 1047 Flaviis
1253 1006 1534 1060 Principibus,
1567 1020 1671 1060 quae

296 1069 624 1112 cognomentum
654 1060 736 1104 hoc
769 1063 826 1104 ita
860 1062 1102 1120 adoptavit3
1141 1063 1335 1104 Colonm.
1372 1065 1539 1105 Flavia.
1581 1063 1673 1103 Aa·

295 1124 431 1180 gusta.
465 1115 649 1160 Puteoli.
684 1129 728 1161 ut
758 1130 821 1167 est
853 1122 895 1163 in
927 1121 1262 1177 inscriptionibus
1297 1140 1318 1163 a
1353 1125 1532 1164 Grutero
1568 1123 1672 1163 reci-

299 1183 392 1215 tatls
425 1188 519 1230 pag·
554 1178 700 1219 CLXI.
734 1194 778 1219 n.
812 1179 834 1219 5
870 1179 954 1221 sive
988 1179 1113 1220 etiam
1145 1180 1198 1221 ob
1234 1181 1403 1236 accepta
1454 1180 1672 1222 beneficia.

120 1250 240 1280 Colonia.
297 1230 484 1274 Tandem
515 1236 591 1278 fuit
623 1235 730 1278 dicta
769 1236 949 1277 Colonia
987 1237 1184 1293 Augusta
1219 1239 1401 1279 Puteoli.
1453 1241 1675 1280 Frontinus

293 1291 366 1334 lib.
401 1290 449 1332 de
483 1294 572 1335 Col.
607 1294 668 1336 sic
700 1294 824 1336 etiam
855 1293 904 1337 de
938 1309 985 1336 ea
1019 1296 1119 1337 urbe
1152 1296 1326 1338 scribit:
1365 1298 1567 1337 Puteolos
1594 1296 1677 1336 Co-

395 1484 452 1533 (1)
479 1484 561 1520 Non
591 1483 660 1519 alia
689 1484 773 1520 inde
799 1483 845 1520 de
873 1496 976 1520 causa
1004 1482 1181 1533 appellata
1209 1482 1380 1529 Puteoli,
1408 1497 1516 1532 quam
1559 1497 1576 1519 n
1616 1498 1681 1533 pu-

295 1544 438 1572 teorum
465 1535 668 1584 quantitate
691 1562 701 1578 .,
730 1535 793 1584 qui
822 1536 858 1570 in
888 1535 985 1571 hisce
1013 1534 1102 1570 locis
1131 1534 1260 1583 passim
1276 1533 1552 1570 effodiebantur.
1574 1534 1682 1582 Apud

294 1587 461 1636 antiquos
490 1586 525 1620 in
556 1598 656 1621 more
683 1585 753 1621 fuit
781 1586 937 1635 positum
959 1613 970 1628 ,
999 1595 1125 1634 puteos
1153 1585 1237 1619 istos
1267 1595 1321 1619 ma
1355 1585 1388 1619 ni
1417 1586 1618 1628 aestimare,
1648 1595 1682 1620 et

294 1637 410 1673 veluti
439 1636 662 1671 venerationi
694 1636 903 1672 attribuere.
934 1635 1076 1670 Plinius
1102 1633 1146 1671 d'e
1173 1632 1272 1682 illius
1293 1597 1389 1670 urilns
1407 1644 1529 1683 etymo
1547 1635 1583 1669 in
1605 1647 1684 1670 eam

295 1688 510 1723 sententiam
538 1688 587 1721 ire
615 1684 757 1720 videtur
784 1685 848 1721 lib.
878 1685 1021 1721 XXXI.
1050 1684 1145 1719 Hist.
1175 1683 1306 1721 Natur.
1338 1698 1372 1722 e.
1404 1699 1448 1726 2,
1487 1685 1548 1720 ubi
1591 1685 1680 1720 haec

296 1736 416 1787 prodit
433 1749 442 1770 .·
473 1737 619 1785 Augeat
646 1748 836 1771 numerum
862 1736 1016 1771 deorum
1034 1733 1377 1778 rzomz'nibttswarlis,
1397 1733 1578 1785 urbesque
1594 1748 1684 1771 con-

294 1788 385 1823 dunt
403 1814 414 1830 ,
441 1789 535 1822 sicut
562 1787 736 1822 Puteolos
763 1788 799 1821 in
827 1786 1047 1835 Campania.
1077 1783 1414 1821 Hirrlsscrediderim
1444 1785 1650 1821 Puteanum
1674 1814 1684 1830 ‚

296 1851 397 1875 nunc
423 1838 636 1886 Putignano
665 1836 819 1886 opidum
846 1837 883 1872 in
912 1838 1043 1886 Apulia
1062 1863 1072 1879 ,
1102 1836 1170 1872 hoc
1201 1835 1270 1871 sibi
1314 1847 1446 1872 nomen
1486 1835 1686 1871 vindicasse

297 1903 315 1924 a
344 1889 463 1938 puteis
490 1889 535 1922 ob
563 1887 718 1924 eandem
746 1887 938 1923 rationem.
966 1889 1014 1923 At
1041 1885 1231 1936 quidquid
1259 1885 1295 1922 id
1323 1886 1375 1922 rei
1401 1887 1475 1928 sit,
1513 1896 1548 1921 et
1592 1885 1684 1920 nihil

297 1935 472 1975 obstante
490 1938 657 1974 Pliniano
686 1944 785 1973 textu
818 1938 873 1973 Cl.
905 1939 1050 1986 Ignarra
1080 1938 1182 1973 urbis
1209 1934 1468 1972 derivationem
1498 1935 1542 1971 de
1562 1936 1685 1971 Palae-

297 1998 369 2025 stra
396 1989 509 2037 Neap.
538 2001 620 2037 pag.
650 1988 720 2024 228
749 2001 767 2022 a
795 1987 1008 2024 putealibus
1037 1987 1188 2031 haurit,
1218 1987 1282 2035 qui
1312 1986 1461 2036 quidem
1486 1986 1589 2022 locus
1607 1984 1683 2020 Ro-

299 2052 383 2075 mae
409 2040 553 2088 proprie
581 2040 649 2075 fuit
671 2067 680 2083 ‚
710 2038 775 2074 ubi
802 2039 948 2079 Praetor
978 2039 1035 2074 ius
1065 2036 1222 2074 dicebat.
1252 2037 1353 2082 Quae
1381 2049 1450 2073 vox
1492 2048 1575 2072 cum
1622 2035 1687 2070 Di·

301 2089 488 2126 caearchia
515 2089 714 2126 concordat
733 2116 744 2133 ‚
773 2100 946 2139 quaeque
973 2088 1069 2124 idem
1098 2087 1258 2137 profecto
1285 2094 1402 2124 sonat.
1434 2086 1535 2123 Idem
1579 2085 1688 2121 sentit

302 2139 519 2175 Vincentius
547 2140 591 2176 de
618 2140 717 2176 vero
747 2142 782 2175 in
811 2140 944 2190 Appen
972 2138 1187 2187 Philologic.
1216 2137 1274 2174 Cl.
1302 2137 1449 2174 tandem
1477 2135 1689 2173 Mazochius

304 2183 412 2226 tonis
430 2203 460 2225 1.
490 2189 668 2240 Spicileg.
698 2189 792 2227 Bibl.
821 2204 903 2240 pag.
933 2189 980 2238 78
1007 2189 1102 2225 hanc
1130 2201 1255 2226 vocem
1282 2186 1420 2224 derivat
1446 2187 1491 2223 ab
1519 2186 1687 2229 Etrusco,

311 2240 410 2291 quod
437 2241 590 2290 sulphur·
615 2243 788 2291 significat
812 2269 822 2287 ,
852 2241 987 2290 quippe
1015 2252 1100 2275 cum
1129 2252 1171 2275 ea
1199 2238 1276 2276 loca
1306 2252 1324 2276 a
1352 2237 1483 2277 vicinis
1524 2236 1687 2276 vulcenis

311 2290 486 2344 sulphure
508 2318 518 2339 ,
548 2299 582 2328 et
608 2291 791 2333 bitumine
817 2290 950 2343 passim
977 2297 1151 2328 scateant.

1892 171 1907 276 amu-2³5
1897 153 1902 162 2
1902 140 1904 142 ,
1896 119 1899 133 -Α
