1920 2579
339 85 415 124 180

332 141 495 192 tebras,
531 138 746 195 fontesque
778 140 858 180 esse
891 140 932 180 iu
979 140 1222 182 Vesuvianis
1263 138 1330 199 (ι.)
1380 141 1543 193 caveis,
1594 159 1702 202 quae

330 199 649 255 septentrionem
685 209 879 254 spectant.
913 201 975 242 Ex
1006 200 1185 256 antiquis
1217 200 1697 246 adnumeraturloannes

328 258 515 299 Villanns
546 257 701 299 Chion.
756 273 790 300 c.
831 272 876 314 ¹7
935 273 1059 315 quem
1090 260 1216 300 secuti
1246 269 1341 300 sunt
1374 258 1612 303 Saufelicius
1633 262 1705 304 Iu·-

332 318 422 359 nior
452 318 492 357 in
526 316 706 357 adnotat.
741 316 944 358 sanfelicii
978 317 1153 359 Senioris
1185 318 1324 360 adnot.
1366 332 1437 371 171
1471 348 1487 369 ,
1525 319 1698 363 Celanus

331 377 472 418 Giorn.
509 376 582 418 IV.
617 386 655 415 et
687 377 972 416 Summontius
1004 375 1072 416 lib.
1107 377 1136 418 I.
1172 393 1206 419 c.
1247 393 1312 431 ¹9·

442 434 650 475 Nonnulla
683 435 756 474 alia
787 434 838 475 de
869 434 1046 476 Sebetho
1066 434 1316 490 addidissem
1337 467 1353 488 ,
1392 436 1501 477 haud
1524 437 1598 478 nisi
1617 454 1700 479 ma-

322 494 417 534 ioris
454 493 652 535 momenti
685 508 746 535 res
779 504 1048 550 superessent.
1082 493 1203 536 Plura
1245 495 1276 535 si
1310 495 1400 552 quis
1435 496 1576 552 cupit,
1631 498 1698 539 cl.

320 552 568 594 Vetranium
600 550 718 593 adeat
749 552 898 594 Virum
930 554 1115 609 apprime
1150 553 1361 595 eruditum
1396 555 1436 594 in
1474 555 1702 610 omnibus„

317 622 357 652 et
389 611 640 669 antiquitatis
673 612 912 667 praesertim
943 627 1040 652 cum
1061 612 1243 665 Grecae,
1269 622 1360 653 tum
1386 613 1553 654 Latinae
1572 628 1697 670 quam

317 673 490 712 maxime
511 670 799 711 amatorem.Is
818 671 1186 726 praaclarissimum
1207 672 1385 712 exaravit
1397 685 1500 728 opus
1516 673 1581 713 cui
1606 674 1696 714 titu-

316 730 397 770 lus:
418 730 584 771 ,sebethi
598 729 817 770 Vindiciae
838 739 978 769 contra
998 728 1303 770 Martorellium
1326 730 1696 786 insanientem‚qui

318 788 608 844 Lycophronis
638 787 914 842 antiquissimi
948 798 1092 841 poetae
1127 788 1239 828 nisus
1270 788 1511 829 auctoritate
1531 787 1581 829 de
1601 791 1696 830 Par-

320 846 509 903 thenopis
541 845 626 887 fato
660 859 806 886 canens
837 845 894 886 ait
915 875 927 898 ‚
961 843 1155 887 Clanium
1187 845 1367 889 fluvium
1418 862 1546 903 prope
1592 849 1694 888 Nea-

320 906 448 960 polim
479 920 588 957 esse‚
624 915 663 945 et
695 905 918 946 excurrisse
951 918 1079 960 prope
1110 904 1223 946 urbis
1253 905 1430 947 moenia·
1477 905 1698 948 Martorel-

317 964 395 1005 lius
426 964 562 1005 Theca
601 962 757 1004 Galam.
792 972 896 1004 tom--
933 962 967 1004 1..
1002 977 1089 1018 pag.⁴
1122 965 1198 1006 168
1234 963 1380 1004 Graeci
1413 964 1513 1009 vatis
1558 975 1698 1019 patro-

319 1025 472 1064 cinium
506 1022 700 1079 suscipit,
732 1020 1037 1077 confirmatque
1070 1019 1295 1074 Sebethum
1330 1036 1546 1078 nunquam
1571 1036 1697 1077 prope

318 1081 535 1138 Neapolim
568 1081 748 1123 fluitasse
766 1113 782 1132 ,
818 1089 858 1122 et
895 1082 1026 1138 ipsum
1058 1097 1140 1122 esse
1173 1096 1379 1137 aquarum
1430 1081 1693 1136 indigentissi-

321 1156 431 1184 mum
460 1141 626 1184 rivulum
649 1172 662 1190 ‚
694 1149 733 1183 et
760 1140 961 1183 veteribus
984 1144 1048 1181 vix
1074 1148 1235 1181 notum..

104 1202 296 1263 123901322‘220
434 1199 726 1258 Neapolitanae
758 1214 854 1241 vero
887 1198 999 1239 urbis
1033 1200 1147 1253 origo
1179 1207 1238 1239 est
1256 1207 1341 1238 tam
1365 1196 1525 1239 vetusta
1547 1229 1558 1251 ,
1593 1197 1696 1239 utin

158 1248 182 1265 ¹⁵
202 1248 282 1273 ‘wgo'
322 1258 553 1301 fabularum
584 1257 832 1299 obscuritate
863 1256 1081 1313 sepeliatur
1098 1256 1364 1314 antiquitatis.
1400 1258 1572 1298 Veteres
1590 1256 1699 1299 enim

323 1329 508 1361 auctores
542 1317 642 1358 duas
675 1331 757 1358 esse
789 1316 982 1357 Colonias
998 1314 1209 1371 quondam
1241 1315 1459 1371 Neapolim
1496 1315 1696 1368 advectas,

293 1411 295 1414 .
324 1378 548 1420 Cumaeam
581 1391 703 1416 unam
724 1407 739 1426 ,
779 1375 960 1417 Atticam
990 1375 1156 1416 alteram
1182 1375 1481 1429 scriptitarunt.
1514 1375 1570 1415 At
1594 1374 1701 1414 Mar-

324 1436 533 1489 torellius‚
575 1435 723 1476 Colon.
755 1435 889 1476 Fenic.
926 1445 1028 1475 tom·
1072 1447 1085 1476 1
1124 1448 1214 1491 pag·
1253 1435 1307 1485 84
1342 1432 1610 1475 Phoenicium
1627 1433 1695 1491 (2)

424 1642 482 1689 (1)
510 1639 641 1688 Negari
667 1639 766 1675 haud
794 1645 907 1688 potest
925 1639 1019 1674 iuxta
1041 1637 1306 1674 Vetraniumin
1323 1636 1472 1673 Sebethi
1488 1636 1629 1672 vindic.
1660 1651 1692 1673 c.

325 1704 340 1736 7
372 1692 479 1726 huius
506 1691 619 1725 sontes
647 1701 720 1725 esse
748 1689 875 1738 partim
904 1690 939 1723 in
970 1688 1186 1723 Vesuvianis
1214 1687 1333 1723 caveis
1352 1714 1361 1730 ,
1391 1687 1570 1735 partimin
1593 1688 1690 1723 Atel-

322 1743 373 1776 lae
396 1771 404 1785 ,
435 1740 623 1776 Sues-‚sulae
644 1767 653 1782 ,
684 1746 718 1775 et
763 1741 977 1776 Acerrarum
1005 1737 1202 1787 paludibus
1221 1764 1231 1781 ,
1282 1738 1416 1785 partini
1455 1738 1561 1772 etiam
1601 1751 1693 1786 quae

322 1792 537 1841 proveniunt
564 1803 606 1825 ex
632 1789 779 1826 Nolanis
797 1816 807 1832 ‚
838 1798 873 1824 et
900 1789 1084 1824 Abellanis
1110 1788 1223 1836 agris.

424 1842 484 1891 (α)
510 1841 713 1889 Antequam
755 1838 944 1876 videamus
985 1839 1152 1887 quisnam
1200 1838 1297 1874 urbis
1334 1837 1445 1874 fuerit
1487 1837 1652 1874 eonditor
1680 1866 1690 1882 ‚

325 1890 595 1941 disquirendum
624 1890 704 1925 heic
731 1899 811 1932 est,
840 1899 961 1925 utrum
989 1888 1189 1925 Phoenices
1215 1888 1302 1923 olim
1344 1889 1485 1923 Italiam
1526 1889 1694 1924 >incolue-

321 1944 403 1978 rint.
433 1942 667 1977 Doctissimus
693 1939 891 1976 Bochartus
921 1939 963 1975 de
994 1939 1122 1974 Coton.
1147 1938 1304 1987 Phaleg.
1324 1938 1390 1973 lib.
1417 1951 1430 1973 1
1456 1951 1486 1973 c.
1515 1950 1561 1986 27
1591 1946 1624 1973 et
1641 1940 1687 1973 28

324 1992 454 2043 aliique
483 1992 668 2040 scriptores
697 1990 794 2026 haud
823 1989 939 2039 ignari
982 1989 1202 2033 Phoenices,
1232 1989 1304 2024 sive
1346 1988 1576 2023 Chananaeos
1620 1992 1693 2036 pri-

321 2055 427 2078 mum
450 2043 632 2090 Europam
651 2068 660 2083 ,
691 2041 774 2076 inde
801 2049 917 2088 partes
945 2039 1028 2074 alias
1046 2066 1055 2081 ,
1086 2049 1121 2074 et
1133 2039 1323 2087 praecipue
1341 2047 1499 2073 nostram
1521 2038 1693 2075 incoluis-

323 2105 361 2127 se
389 2093 551 2135 ltaliam,
580 2099 614 2126 et
640 2091 800 2127 Siciliam
829 2095 913 2125 sunt
940 2089 1114 2130 arbitrati.
1146 2088 1221 2133 Qui
1252 2087 1398 2136 quidem
1437 2095 1602 2123 auctores
1653 2105 1693 2125 ex

328 2142 470 2178 duobus
488 2168 498 2185 ,
526 2141 586 2177 vel
612 2141 727 2177 tribus
753 2150 913 2176 veterum
940 2138 1154 2187 scriptorum
1199 2138 1413 2173 testimoniis
1440 2137 1545 2173 hosce
1575 2137 1690 2176 Phoe-

327 2193 424 2228 nices
454 2201 589 2227 nostras
616 2191 791 2227 habitasse
818 2188 981 2238 regiones
1008 2193 1259 2225 autumarunt.
1290 2187 1513 2224 Thucidides
1540 2189 1603 2237 qui
1634 2192 1689 2225 vi-

327 2243 381 2278 xit
410 2254 520 2277 annos
547 2240 836 2277 CCCCLXXV.
865 2245 947 2274 ante
973 2237 1157 2276 Christum
1182 2238 1246 2274 lib.
1273 2239 1325 2275 VI
1352 2252 1457 2275 num.
1504 2251 1525 2273 2
1561 2238 1604 2274 de
1632 2239 1691 2274 iis-

330 2290 409 2330 dem
438 2292 603 2343 gentibus
647 2292 733 2332 facit
757 2289 1012 2340 mentionem,
1042 2299 1076 2343 et
1101 2289 1298 2331 Pausanias
1341 2290 1405 2339 qui
1460 2287 1568 2329 altero
1612 2300 1690 2338 post
