1920 2579
333 138 386 168 22

330 183 408 226 ficii
442 183 625 239 pervenit
658 184 867 227 memoria.
903 183 1156 226 Crediderim
1190 186 1309 241 igitur
1340 187 1586 231 Cataboluin
1613 191 1709 234 fuis-

331 241 548 298 sesprocul
579 243 627 284 ab
661 243 749 299 ipso
783 244 1129 300 Amphitheatro,
1189 257 1233 286 ut
1273 246 1469 302 Capuae,
1522 249 1591 290 ubi
1639 268 1708 305 per

329 301 638 343 subterraneum
677 313 858 343 meatum
891 303 984 343 feris
1017 304 1091 343 iter
1127 315 1258 355 esset,
1312 320 1404 345 cum
1442 308 1480 346 in
1522 309 1710 364 Amphi--

322 362 527 400 theatrum
563 361 841 415 ducerentur,
862 376 945 416 quo
979 372 1164 416 tempore
1197 362 1352 418 populo
1370 366 1593 419 spectacula
1616 367 1706 408 ede-

330 426 508 468 bantur,
540 434 691 474 eaeque
723 420 883 460 nonnisi
921 431 1037 460 caute
1070 421 1338 474 pervenirent.
1375 422 1461 463 Nec
1498 439 1592 466 vero
1634 440 1708 467 no-

328 488 470 518 strates
507 479 724 533 scriptores
772 477 996 528 audiendi,
1051 478 1121 534 qui
1167 479 1207 518 in
1254 481 1344 535 ipso
1392 482 1707 535 Amphitheatro

328 537 655 577 ferasmansisse
687 534 949 578 arbitrantur.
1004 538 1062 577 De
1103 536 1277 592 antiquo
1322 539 1443 593 igitur
1478 542 1702 584 Puteolano

329 595 530 638 Catabolo
574 594 680 637 nulla
712 594 764 635 ad
797 611 868 636 nos
902 595 1083 651 pervenit
1119 597 1329 638 memoria.

114 658 310 718 53131292'5225·
451 656 496 695 In
529 654 615 694 hoc·
643 654 965 708 Amphitheatro
998 653 1047 693 ad
1081 654 1184 693 feras
1217 668 1291 709 pro
1324 655 1545 696 Christiani
1575 661 1714 700 norni-

96 701 389 756 1,J5¹2;{⁵⁰‡1¹22m³„212nis
421 711 502 752 fide
533 713 751 752 damnatus
786 712 865 752 fuit
898 712 1102 752 Timothei
1140 712 1206 768 (1)
1229 712 1478 768 Campaniae
1510 717 1706 758 praesidis

331 773 441 811 iussu
474 774 526 812 D.
562 771 773 811 Ianuarius
804 773 1115 812 Beneventanus
1156 771 1381 826 Episcopus
1415 788 1510 812 cum
1542 773 1667 815 Sociis
1693 807 1709 826 ,

325 829 383 869 uti
422 840 580 870 constat
631 844 677 869 ex
710 830 1022 884 Actis-sinceris
1055 829 1386 872 Bononiensibus
1421 832 1525 885 (2),
1571 832 1711 889 ibique

323 887 430 929 ferae
461 885 710 930 crudelitatis
744 887 893 929 oblitae
934 887 982 928 ad
1017 887 1178 928 illorum
1215 888 1335 943 pedes
1377 906 1419 930 se
1452 891 1656 944 proiecere
1697 908 1704 931 :

306 947 373 987 -ad
402 946 516 1003 quod
550 947 699 988 mirum
733 949 916 1002 quinque
943 945 1066 986 millia
1096 946 1315 987 hominum
1337 948 1493 989 Christi
1513 947 1594 989 fide
1610 960 1710 989 sunt

324 1005 505 1056 imbuti,
560 1015 598 1047 et
633 1005 799 1046 tandem
834 1004 1030 1046 Praesidis
1061 1002 1242 1046 eiusdem
1294 1005 1404 1046 iussu
1438 1007 1569 1062 capite
1599 1006 1713 1062 plexi

324 1074 419 1104 sunt
452 1065 491 1103 in
527 1066 634 1104 Foro
667 1063 844 1106 Vulcani
883 1064 970 1119 (3).
1705 1067 1711 1073 ⁸

444 1124 534 1163 Hoc
566 1123 731 1179 insuper
765 1121 998 1163 aedificium
1032 1132 1116 1162 tam
1148 1119 1299 1176 grande
1337 1122 1418 1162 fuit
1441 1151 1453 1169 ‚
1486 1130 1532 1161 ut
1566 1120 1621 1161 ibi
1645 1122 1715 1163 ho·

323 1182 482 1221 minum
520 1181 747 1237 frequentia
779 1195 906 1236 quam
940 1195 1083 1236 magna
1134 1179 1186 1220 ad
1219 1179 1446 1222 sedendum
1483 1180 1706 1222 commode

322 1240 574 1280 conveniret.
606 1240 717 1280 Hinc
750 1238 937 1281 Carletus
969 1239 1009 1279 in
1044 1253 1165 1294 opere
1216 1237 1331 1293 quod
1383 1239 1625 1292 inscripsit,
1669 1240 1717 1280 la

322 1298 520 1354 Regione
559 1298 768 1354 Brugiata
788 1329 804 1348 ,
842 1307 937 1338 nota
970 1297 1149 1339 LXXV.
1181 1296 1323 1337 asserit
1354 1297 1433 1338 hoc
1465 1297 1600 1338 XXV.
1622 1297 1715 1337 mil·

320 1356 406 1406 lia,
445 1366 484 1396 et
522 1355 697 1411 amplius
730 1356 947 1397 hominum
981 1355 1178 1411 recepisse
1199 1386 1213 1404 ,
1245 1353 1346 1396 dum
1380 1355 1492 1396 istud
1524 1353 1612 1395 aliis
1635 1354 1712 1394 mi-

322 1429 435 1464 nus,
482 1423 522 1453 et
552 1414 723 1454 inferius
761 1414 976 1470 pauciores
1008 1414 1224 1454 continere
1263 1412 1417 1454 debuit.
1451 1413 1560 1454 Nam
1600 1411 1719 1453 Cam-

424 1602 481 1648 (1)
536 1603 579 1637 In
608 1599 714 1638 Actis⁴
752 1601 900 1637 sinceris
928 1599 1223 1636 Bononiensibus
1263 1612 1327 1648 per
1367 1599 1424 1634 Cl.
1469 1599 1700 1635 Mazochium

322 1652 505 1701 productis
532 1652 729 1688 Proconsul
757 1651 983 1687 Dracontius
1010 1650 1237 1694 nominatur,
1259 1662 1332 1685 non
1361 1662 1444 1685 vero
1475 1649 1712 1692 Timotheus,

324 1709 365 1738 ut
391 1702 524 1738 habent
550 1703 707 1738 Romani
735 1700 913 1736 Breviarii
939 1701 1130 1736 Lectiones
1148 1728 1158 1744 ‚
1184 1705 1219 1735 et
1247 1699 1368 1735 Bedae
1383 1699 1705 1748 Martyrologium.

322 1752 504 1788 Laudatus
533 1765 617 1788 vero
636 1750 847 1788 Mazochius
868 1763 1061 1800 nunquam
1081 1750 1260 1786 Graecum
1282 1750 1444 1798 aliquem
1467 1749 1707 1786 Timotheum

325 1804 475 1838 nomine
503 1802 539 1838 iu
568 1804 768 1851 Martyrum
794 1800 927 1838 horum
969 1802 1075 1850 gestis
1103 1802 1259 1837 extitisse
1302 1801 1456 1849 probat,
1501 1799 1563 1835 sed
1607 1799 1705 1835 hune

326 1855 446 1902 potius
473 1852 715 1888 Dracontium
733 1879 743 1895 ,
767 1851 831 1901 qui
860 1851 992 1900 pluries
1019 1851 1175 1887 occurrit
1214 1852 1251 1886 in
1290 1850 1477 1886 nonnullis
1504 1851 1709 1899 Martyrum

330 1905 444 1939 Actis.
477 1902 621 1938 Videsis
649 1903 704 1939 Cl.
737 1901 927 1938 laudatum
955 1911 1138 1938 auctorem
1166 1902 1247 1938 loco
1276 1914 1380 1950 supra
1408 1900 1518 1936 citato
1548 1913 1627 1949 pag.
1662 1899 1711 1948 89

328 1961 364 1988 et
392 1955 429 1988 in
457 1953 615 1989 Kalend.
646 1953 761 2002 Neap.
790 1965 869 2001 pag.
903 1967 989 2001 272.

431 2008 486 2051 (2)
530 2005 587 2040 En
615 2013 657 2040 ut
685 2017 728 2039 ex
757 2003 853 2039 Actis
880 2004 930 2039 sic
960 2003 1171 2053 colligitur:
1201 2003 1288 2038 Alia
1313 2013 1406 2037 vero
1432 2001 1492 2036 die
1519 1999 1717 2036 seeundum

330 2057 461 2089 iussam
488 2054 627 2089 Iudicis
650 2062 812 2103 paratur
835 2066 953 2090 arena
978 2056 1014 2090 in
1041 2056 1186 2091 civitate
1218 2053 1427 2089 Puteolana
1445 2078 1458 2097 ,
1486 2050 1722 2087 adducuntur

330 2105 461 2140 Sancti
487 2105 537 2139 ad
563 2104 886 2155 amphitheatrum.
1364 2117 1368 2120 ⁴

433 2156 487 2200 (5)
540 2156 611 2191 Hic
639 2156 742 2192 locus
769 2168 812 2191 ex
839 2155 944 2191 Actis
971 2156 1021 2192 sic
1050 2154 1293 2191 enunciatur:
1316 2152 1466 2189 Interea
1482 2149 1614 2186 Sancti
1632 2149 1718 2184 dum

331 2208 583 2252 pervenissent
610 2205 661 2240 ad
687 2207 805 2242 locum
824 2233 834 2250 ,
862 2205 924 2241 ubi
949 2205 1162 2242 decollandi
1186 2211 1291 2240 erant
1312 2229 1323 2246 ‚
1370 2202 1462 2237 idest
1501 2213 1525 2236 a
1552 2199 1581 2234 S
1586 2199 1716 2248 ulphu-

336 2258 493 2289 rataria.
520 2256 629 2290 Hunc
657 2256 777 2292 locum
807 2256 997 2305 indigenae
1027 2268 1125 2292 nunc
1154 2253 1335 2304 appellant
1362 2253 1400 2292 la
1426 2250 1635 2302 Soffdtaja:
1667 2251 1717 2287 vi-

342 2303 384 2341 de
417 2306 509 2342 iufra
537 2305 627 2355 quid
655 2306 724 2343 sibi
751 2306 829 2344 vult
856 2305 924 2343 hoc
952 2306 1186 2345 vocabulum.
