1920 2579
304 123 387 164 288

297 181 446 237 quique
480 184 626 233 postea
656 175 862 218 Summus·
897 174 1087 218 Pontifex
1110 175 1186 218 fuit
1224 178 1578 234 renunciatussub
1593 189 1667 224 n0·'

303 241 415 281 mine
448 236 507 277 Pii
538 235 594 278 ΙΙ.
630 235 711 276 Hic
746 233 788 274 in
820 233 902 275 suis
937 233 1254 281 Commentariis
1289 237 1466 279 Antonii*
1499 237 1665 289 Panor-

299 298 449 348 mitae,
487 293 554 337 cui
587 294 702 350 operi
735 286 982 333 titulus‘De'
1014 288 1188 344 'Dic-tis,
1234 303 1275 348 et
1305 292 1669 348 Faetiszlfonsi
1738 283 1744 289 .

305 355 437 411 Regis
470 351 1079 406 Neapolitani‚rmentienem
1112 351 1212 407 facit
1230 351 1416 405 sanginis
1441 358 1525 403 ,“et
1556 355 1669 396 ebul—

303 411 455 453 litionis
488 409 529 452 S.
566 408 745 452 Ianuarii
779 407 858 451 hoc
887 406 1252 451 modoftsacrum
1271 411 1405 451 villum
1437 411 1492 451 D.
1522 415 1672 456 lanua-

298 470 354 512 rii
390 469 597 511 cruorem.
621 499 632 518 ‚
665 483 786 525 quem
805 497 818 516 ,
857 467 982 507 modo
1013 469 1254 510 concretum
1277 499 1288 519 ,
1312 469 1441 520 modo
1460 471 1667 526 liquatum

298 527 554 578 ostendant,
598 526 792 582 ‹luamvis
824 535 923 566 ante
961 540 1099 566 annos
1138 525 1274 568 MCC.
1308 542 1396 579 pro
1417 527 1663 569 Christino-

297 587 412 628 mine
448 586 501 626 sic
536 583 710 640 efficsus.
745 584 924 625 Carolus
956 584 1069 625 VIII.
1105 583 1441 625 Galliarum‘Rex
1473 601 1570 627 cum
1590 586 1667 628 Re-

297 659 429 701 gnum
459 651 703 699 occupasset
736 641 1092 698 Neapolitanum,
1131 650 1251 698 atque
1284 641 1375 688 huc¹
1399 641 1628 685 advenisset
1647 676 1661 695 ,

298 700 618 759 stupendissimo
667 699 795 742 adfuit
863 698 1074 741 miraculo·
1122 697 1186 741 die
1224 699 1529 742 Translationis.
1578 702 1670 744 Hoc

298 761 452 803 factum
490 768 740 801 memoratur
771 758 814 800 in
846 757 1025 815 quodam
1049 772 1171 814 opere
1198 759 1306 816 typis
1348 757 1459 801 edito
1506 759 1669 802 Parisiis

302 832 412 862 anno
441 817 686 860 MDCXVI.

421 875 610 918 Eundem
640 891 736 920 vero
769 876 943 931 AEneam
978 873 1154 918 Silvium
1186 890 1231 915 ex
1263 875 1474 918 communi
1512 885 1671 918 senten*

263 936 360 992 „tia
390 935 522 977 secuti
554 934 666 977 fuere
698 934 890 977 Tutinius
909 964 923 984 ,
957 933 1223 976 caracciolus
1244 964 1257 982 ,
1293 932 1617 976 Chioccarellius
1654 965 1669 985 ,

299 991 634 1051 aliique.Eodem
666 994 830 1037 saeculo
847 991 988 1034 floruit
1020 992 1203 1046 Angelus
1235 991 1339 1034 Cato
1371 991 1673 1049 philosophus,

300 1063 339 1094 et
371 1050 586 1094 medicus:
621 1052 654 1093 is
685 1053 796 1095 enim
829 1065 935 1094 anno
967 1049 1388 1092 MCCCCLXXXIV.
1442 1050 1594 1093 librum
1631 1052 1674 1093 in

298 1112 437 1153 lucem
468 1109 594 1152 edidit
626 1108 674 1151 de
706 1110 935 1153 Medicina-e
969 1107 1182 1150 Pandectis
1223 1107 1420 1150 Matthaei
1453 1109 1635 1152 Silvatici
1659 1142 1672 1160 ,

299 1179 338 1210 et
370 1167 480 1210 hune
513 1166 771 1209 Ferdinando
805 1166 1011 1221 Aragonio
1044 1165 1147 1221 Regi
1182 1165 1344 1208 dicavit.
1380 1167 1470 1222 Ipse
1502 1167 1543 1208 in
1587 1169 1670 1224 epi-

298 1227 401 1268 stola
435 1223 612 1282 quadam
643 1225 692 1267 de
730 1225 850 1267 rebus
887 1223 1165 1281 Neapolitanis
1197 1238 1336 1278 agens,
1370 1234 1409 1265 et
1442 1225 1667 1281 praecipue

299 1286 347 1328 de
379 1286 420 1325 S.
454 1284 632 1326 Ianuarii
666 1283 824 1324 Cruore
856 1282 965 1322 iuxta
1001 1280 1352 1323 Chioecarellium
1389 1282 1456 1323 fol.
1494 1296 1561 1336 91.
1616 1283 1673 1324 ita

299 1344 512 1400 loquitur:
551 1340 668 1398 Quid
700 1341 855 1381 dixero
903 1340 957 1380 (le
1002 1342 1041 1380 S.
1075 1338 1271 1379 Ianuarii
1323 1344 1563 1397 sanguine,
1600 1342 1677 1397 qui

301 1400 496 1455 Neapoli
524 1413 695 1441 summa
727 1413 824 1439 cum
862 1397 1070 1453 religione
1101 1399 1327 1438 servatur?
1369 1413 1482 1455 quae
1534 1400 1670 1439 mira·

301 1461 402 1500 cula
443 1468 589 1500 nostro
628 1467 821 1512 tempore
855 1455 1014 1497 Christi
1047 1455 1280 1496 cultoribus
1336 1456 1619 1496 ostendantur
1649 1488 1664 1508 ‚

302 1532 413 1574 qnae
444 1518 529 1558 sint
564 1518 648 1557 Ιιοε
679 1516 756 1556 vel
784 1515 925 1572 magis
957 1517 1158 1568 speciosa
1178 1544 1192 1561 ,
1225 1513 1302 1553 vel
1330 1519 1466 1570 magis
1498 1514 1669 1555 eviden-

301 1577 396 1617 tia?
431 1575 620 1616 durescit
654 1575 825 1615 absente
865 1572 1005 1625 eapite
1022 1601 1036 1620 ,
1073 1571 1188 1627 quod
1222 1581 1263 1612 et
1298 1571 1413 1612 idem
1465 1581 1672 1613 servatur

296 1640 340 1675 ιἰι
380 1634 487 1675 aede
517 1632 858 1686 Metropolitana
890 1628 1120 1685 Neapolis.
1162 1629 1340 1684 Quoties
1363 1640 1504 1670 cametz
1526 1630 1665 1683 capiti

304 1692 566 1741 ostenditur,
598 1691 794 1748 liquescit
825 1687 1043 1743 proinde,
1076 1696 1204 1744 atque
1233 1702 1283 1729 eo
1315 1688 1381 1730 die
1397 1689 1538 1740 ficerit
1574 1702 1670 1729 cor·

302 1765 405 1803 pore
444 1749 615 1806 effisos.
1586 1795 1590 1799 Ι

417 1806 538 1849 Haud
573 1804 826 1849 obstantibus
862 1803 1027 1846 interim
1063 1802 1292 1845 rationibus
1342 1804 1564 1855 omnibus,
1613 1813 1666 1846 at·

302 1883 378 1924 que
410 1865 721 1908 auctoritatibus
751 1863 834 1906 huc
871 1878 997 1920 usque
1030 1862 1161 1903 allatis
1194 1860 1242 1903 de
1261 1864 1299 1902 5.
1333 1862 1512 1904 Ianuarii
1548 1863 1675 1920 lique-

299 1925 448 1968 scentis
485 1924 651 1965 Cruoris
689 1932 872 1979 tempore
894 1953 906 1972 ,
942 1936 1044 1963 unus
1077 1920 1183 1962 inter
1214 1936 1356 1962 omnes
1394 1921 1547 1977 patrios
1604 1936 1676 1961 au·v

300 1993 431 2026 ctores
465 1981 647 2039 adsurgit
679 1980 846 2022 Rossius
867 2013 877 2033 ‚
913 1979 1080 2024 Dissert.
1120 1981 1174 2021 V.
1208 1979 1375 2020 intorno
1440 1979 1519 2018 all’
1540 1993 1677 2033 epoca

297 2045 369 2083 del
402 2043 578 2097 Sangae
610 2041 652 2082 di
682 2039 727 2084 S.
763 2043 965 2080 Gennaro
988 2070 1000 2088 ‚
1034 2037 1102 2096 qui
1134 2037 1273 2079 solidis
1302 2035 1675 2094 argumentationi-

299 2102 372 2142 bus
408 2100 579 2158 probare
612 2098 755 2140 nititur
789 2097 1051 2155 liquescentis
1089 2097 1310 2149 Smguinis
1363 2105 1530 2152 tempus
1587 2107 1675 2134 esse

299 2161 419 2213 longe
455 2159 632 2200 anterius
665 2156 773 2208 illo,
825 2154 935 2214 quod
981 2152 1124 2197 statuit
1177 2153 1416 2197 Mazochius
1442 2183 1458 2204 ,
1513 2152 1678 2207 aliique.

300 2218 390 2275 Ipse
424 2215 543 2272 igitur
575 2232 660 2259 esse
692 2217 824 2259 multo
867 2223 959 2257 ante
993 2228 1148 2258 annum
1181 2211 1385 2256 MCCCC.
1438 2216 1625 2253 autumat
1665 2238 1678 2257 2
