1920 2579
389 95 467 133 126

378 163 522 191 rantur
554 151 657 192 inter
689 149 784 192 alios
819 147 1016 202 Sidicini,
1058 150 1244 193 Ausones
1268 183 1281 202 ,
1332 154 1547 207 Aurunci,
1599 158 1692 200 Osci
1716 168 1735 210 ’,ἲ

377 211 536 250 Etrusci
555 209 629 266 ipsi
651 241 665 261 ,
704 210 886 266 aliique,
924 220 969 251 ut
999 219 1152 253 ceteros
1182 210 1389 253 omittam.
1436 214 1553 267 Quae
1599 228 1733 271 gentes

376 270 542 311 diversis
574 269 830 326 temporibus
861 269 1128 326 Campaniam
1168 269 1291 311 veluti
1321 271 1501 326 fragmen
1547 276 1645 316 coeli
1693 277 1733 316 in

379 340 526 370 terram
561 327 771 385 delapsum
805 328 845 368 in
878 343 992 369 suam
1036 328 1212 370 habuere
1249 339 1503 383 potestatem.
1551 334 1608 374 At
1642 334 1734 375 inde

375 388 527 427 sactum
565 397 654 437 est,
698 397 743 427 ut
776 401 842 428 eae
873 388 980 445 ipsae
1025 397 1160 443 gentes
1190 386 1303 428 bellis
1337 384 1586 444 quotidianis
1630 392 1734 433 inter

375 462 415 486 se.
450 446 662 502 dissipatae
696 445 943 502 Campaniae
978 457 1134 503 partem
1166 448 1403 502 occuparint
1423 463 1434 499 3
1457 481 1461 484 .
1485 449 1631 490 borum
1667 466 1734 506 po·

373 505 570 560 pisilorum
603 505 839 562 quicunque
869 505 942 560 ipsi
978 504 1155 554 fuerint,
1207 503 1422 555 dominio,
1470 517 1591 563 atque
1639 510 1732 563 iugo

372 578 540 605 excusso
561 597 572 614 ,
607 564 789 621 proprias
823 563 897 604 sibi
936 563 1074 622 leges,
1106 561 1529 617 administrationem,
1571 577 1609 606 et
1658 581 1732 623 po-

369 623 498 664 litiam
532 622 803 664 efformarint.
838 623 948 663 Hine
981 620 1216 663 mirandum
1250 621 1362 661 haud
1394 624 1509 675 est,si
1530 639 1732 683 unaquae-

369 696 466 739 que.
482 682 728 737 Campaniae
758 680 900 722 Felicis
933 681 1029 723 urbs
1062 679 1347 737 praeclariores
1369 682 1623 735 magistratus
1642 715 1654 734 ,
1672 698 1732 725 se-

366 750 509 781 natum
533 772 548 791 ,
584 755 748 791 mores,
797 750 835 780 et
867 742 1112 780 numismata
1146 737 1322 778 cudendi
1368 738 1441 780 sibi
1492 750 1731 795 potestatem

366 799 517 840 fecerit.
551 799 660 840 Hinc
693 797 835 854 Capua
857 830 868 850 ,
899 798 1077 854 aliaeque
1111 796 1231 838 urbes
1269 811 1390 847 unam
1424 796 1474 838 ab
1505 797 1579 839 alia
1603 800 1732 841 diver·

365 872 455 898 sam
489 857 722 899 habuerunt
751 855 1064 898 administrandi
1097 855 1343 897 facultatem.
1365 855 1650 915 Unaquaeque
1669 873 1727 900 ve-

368 918 443 957 luti
475 917 572 957 urbs
604 929 727 972 parva
758 915 836 956 fuit
869 914 1113 972 respublica,
1134 929 1305 970 parvum
1339 926 1540 970 occupans
1569 931 1725 972 agrum.

365 978 422 1015 At
454 974 658 1016 undenam
692 973 788 1015 haec
819 973 972 1016 diversa
1011 971 1345 1016 administratio!
1376 973 1477 1014 Non
1506 973 1584 1015 alio
1607 975 1649 1016 id
1671 990 1729 1016 ac-

365 1033 508 1075 cidisse
540 1032 784 1074 crediderim
817 1033 972 1082 modo,
1004 1031 1079 1073 nisi
1112 1029 1223 1087 quod
1255 1042 1354 1073 tunc
1386 1033 1578 1089 temporis
1609 1048 1656 1075 eo
1687 1036 1729 1074 in

365 1105 483 1133 more
513 1090 813 1133 administratio
848 1094 901 1132 ita
935 1100 1036 1132 esset
1070 1089 1214 1146 posita.
1245 1093 1351 1132 Nam
1385 1089 1437 1130 ab
1486 1104 1583 1132 aevo
1614 1093 1728 1149 quasi

362 1150 674 1192 immemorabili
707 1151 738 1189 is
769 1148 878 1205 apud
908 1159 1042 1204 gentes
1075 1161 1170 1188 usus
1203 1148 1448 1199 invaluerat,
1471 1158 1730 1205 utunaquae-

359 1223 441 1264 que
472 1209 567 1251 urbs
597 1223 691 1251 cum
725 1208 857 1265 parvis
891 1206 1016 1260 vicis,
1048 1207 1078 1247 si
1110 1206 1182 1262 qui
1214 1206 1382 1248 fuissent
1407 1237 1420 1257 ‚
1447 1216 1518 1247 aut
1549 1207 1726 1262 Regibus

360 1279 550 1322 pareret,
587 1278 656 1308 aut
689 1269 728 1309 in
764 1265 1007 1323 reipublicae
1052 1264 1228 1305 formam
1260 1275 1360 1308 esset
1408 1263 1743 1318 administrata,'

357 1336 405 1367 ut
436 1326 591 1368 cunetis
622 1326 866 1384 Campaniae
911 1323 1044 1382 opidis
1072 1322 1114 1365 id
1147 1324 1320 1366 evenisse
1350 1338 1398 1367 ex
1437 1323 1606 1369 historia
1636 1326 1726 1367 satis

354 1385 547 1440 arguitur.
1174 1387 1176 1389 “

474 1445 865 1489 vetustissimorum
896 1442 1169 1486 Etruscorum
1203 1443 1384 1499 potentia
1404 1472 1417 1492 ‚
1460 1452 1499 1483 et
1529 1454 1723 1497 agrorum

354 1504 584 1545 extentione
616 1520 637 1544 a
668 1498 795 1547 nobis*
819 1505 883 1546 vix
916 1503 1149 1559 degustata,
1183 1501 1234 1543 ad
1265 1500 1431 1542 illorum
1453 1501 1722 1543 nobilissimas

355 1572 460 1603 artes
490 1562 661 1618 gradum
695 1579 803 1605 nunc
837 1563 1017 1604 facimus.
1050 1564 1216 1604 Norunt
1246 1573 1387 1600 omnes
1419 1559 1566 1600 eruditi
1610 1559 1684 1599 viri
1706 1591 1718 1609 ,

353 1621 606 1662 Graecorum
639 1634 743 1664 artes
773 1621 827 1664 ad
859 1619 1114 1678 perfectionis
1146 1618 1304 1674 apicem
1336 1619 1591 1671 pervenisse:
1613 1617 1717 1658 nihi·

351 1678 531 1720 lomitms
564 1694 628 1720 eas
662 1680 770 1721 haud
799 1680 940 1721 ceteris
971 1679 1141 1718 aliarum
1174 1676 1364 1731 gentium⁴
1388 1689 1470 1716 esse
1492 1676 1719 1731 praeferen-

355 1737 425 1777 das
460 1753 612 1779 censeo.
647 1741 753 1780 Hinc
786 1738 931 1779 merito
965 1738 1111 1791 Cicero
1145 1736 1195 1777 de
1227 1737 1342 1776 Orat.
1374 1733 1443 1776 lib.
1476 1735 1507 1775 Ι.
1542 1734 1717 1790 appellat

354 1801 509 1836 artium
542 1799 805 1838 inventrices
837 1798 1067 1845 At.72enas;
1099 1805 1137 1835 et
1169 1791 1405 1836 Venusinus
1438 1803 1546 1834 vates
1570 1793 1638 1834 lib.
1662 1793 1715 1837 Il.

350 1856 461 1910 epist.
494 1855 524 1899 I.
562 1871 594 1895 v.
636 1857 729 1909 157,

469 1971 634 2013 Gracia
667 1982 795 2028 capta
816 1974 966 2023 ferum
1003 1971 1225 2013 victricem
1258 1969 1370 2025 cepit
1389 2000 1399 2019 2
1435 1977 1476 2009 et
1511 1976 1626 2009 artes

463 2030 615 2077 Intulit
652 2033 814 2089 agresti
840 2032 978 2073 Latio.
1131 2033 1134 2036 ’

343 2140 380 2170 et
415 2128 454 2167 in
489 2138 573 2169 arte
605 2127 760 2183 poetica
795 2141 830 2166 v.
869 2126 948 2166 323

462 2223 610 2265 Graiis
642 2218 859 2277 ingenium
880 2250 894 2270 ,
934 2216 1083 2260 Graiis
1107 2214 1218 2260 (ledit
1246 2227 1321 2255 ore
1354 2210 1537 2257 rotundo

457 2283 591 2325 „Musa
623 2279 753 2338 loqui.
