1920 2579
495 194 900 244 ΔΙΑΤΡΙΒΗ
950 202 1033 241 vu.

320 332 381 365 DE
404 330 658 365 CAMPANIAE
680 329 851 363 FELICIS
874 327 1085 370 ANTIQUIS
1109 326 1204 361 Vns.

85 533 310 634 Romani
342 585 555 643 quondam
591 583 730 627 rerum
766 583 924 626 domini
968 583 1233 627 celeberrima
1279 584 1463 629 aedificia

81 647 235 702 ubique
268 656 466 686 terrarum
502 636 686 700 erigenda
719 654 940 686 curarunt:
974 653 1092 699 capta
1123 642 1325 698 Graecia,
1360 656 1465 687 artes

83 706 123 746 in
157 704 325 745 Latium
366 702 513 745 inlatae
544 704 686 744 fuere:
734 703 955 744 immensos
1005 703 1103 744 hinc
1151 701 1363 744 thesauros
1413 704 1466 746 ad

83 762 246 819 publica
278 775 397 817 opera
443 760 665 803 extruenda
715 760 1005 802 adhibuerunt.
1051 759 1270 815 Magnifica
1320 762 1468 804 exinde

83 821 232 877 templa
255 852 266 872 ,
302 819 458 877 aliaque
490 820 651 877 publica
686 834 841 876 opera,
897 833 1077 876 quorum
1125 818 1261 861 adhuc
1320 820 1469 862 rudera

92 879 412 935 adspectantur,
449 877 733 920 condiderunt.
772 878 835 918 Ea
870 887 966 919 vero
1001 877 1095 919 urbi
1128 878 1285 920 Romae
1316 893 1467 934 magno

93 937 262 977 fuerunt
294 936 435 991 utique
470 936 641 988 decori,
684 947 723 977 at
758 951 842 978 non
899 937 1133 979 necessaria.
1182 937 1288 978 Viae
1326 937 1470 992 procul

89 994 216 1035 dubio
250 994 427 1036 silicibus
459 1005 689 1036 constratae
720 995 916 1052 'profecto
967 994 1175 1036 Romanae
1227 995 1472 1052 reipublicae

85 1052 135 1093 ad
167 1054 470 1096 commercium
503 1052 736 1108 augendum
787 1052 894 1095 ultro
946 1054 1134 1109 citroque
1185 1069 1279 1094 cum
1331 1055 1473 1095 vicinis

88 1111 319 1168 dissitisque
361 1111 548 1168 gentibus
578 1110 832 1162 commodo,
867 1122 906 1152 et
942 1112 1110 1152 utilitati
1145 1112 1283 1167 potius
1316 1112 1442 1153 fuere.

203 1171 330 1211 Iidem
364 1171 415 1211 ab
447 1185 543 1210 suae
577 1169 688 1210 urbis
717 1169 983 1211 incunabulis
1017 1169 1128 1210 haud
1162 1169 1372 1210 itineribus
1405 1186 1474 1226 pe-

87 1229 269 1284 ragendis
306 1243 476 1283 operam
509 1228 800 1284 insumpsere,
841 1228 941 1269 dum
973 1226 1129 1270 vicinae
1160 1238 1297 1283 gentes
1330 1229 1475 1270 effera-

88 1298 148 1327 tae
175 1288 384 1343 perpetuis
414 1287 499 1327 fere
538 1285 652 1327 bellis
703 1301 798 1328 cum
832 1286 975 1328 iisdem
1010 1286 1285 1328 decertarunt.
1327 1288 1383 1328 At
1413 1288 1476 1327 ni-

87 1345 144 1387 hil
177 1344 432 1386 obstantibus
466 1344 612 1396 bellis,
650 1355 689 1385 et
719 1345 899 1386 subactis
931 1343 1073 1386 vicinis
1096 1376 1108 1394 ,
1164 1360 1209 1386 ac
1240 1344 1476 1402 longinquis

90 1403 323 1445 nationibus
343 1434 356 1453 ,
397 1402 555 1448 ltaliam
597 1418 698 1457 pene
729 1414 920 1457 cunctam
955 1403 1032 1443 sub
1064 1418 1178 1443 suam
1203 1403 1476 1457 feceruntpo-

92 1472 287 1502 testatem.
302 1461 458 1517 Appius
478 1446 676 1501 Claifflius
691 1471 966 1516 cognomento
983 1461 1475 1504 CoecusCLXXXVIH.

97 1534 223 1560 annos
261 1530 352 1575 post
377 1530 535 1559 exactos
566 1518 690 1573 Reges
729 1522 836 1560 viam
870 1521 1050 1575 primum
1083 1534 1105 1560 a
1136 1535 1209 1560 suo
1240 1521 1385 1561 factam
1409 1536 1476 1561 no-

92 1579 201 1618 mine
232 1578 402 1632 aperuit.
449 1576 562 1619 Aliae
610 1591 707 1619 vero
763 1579 957 1633 temporiS
1013 1593 1223 1634 progressu
1267 1578 1473 1633 lapidibus

95 1635 273 1676 munitae
307 1635 418 1675 fuere
441 1666 453 1684 ,
495 1635 553 1675 uti
585 1636 784 1677 Flaminia
816 1651 926 1678 anno
975 1636 1025 1677 ab
1057 1639 1111 1677 V.
1146 1637 1193 1678 C.
1229 1637 1471 1679 DXXXHI.

92 1695 257 1735 Aurelia
287 1693 337 1734 ab
371 1693 471 1736 Caio
504 1692 673 1736 Aurelio
708 1693 828 1736 Cotta
861 1709 972 1737 anno
1005 1694 1136 1736 DXlI.
1170 1695 1350 1752 aliaeque
1369 1711 1473 1752 prae-

101 1753 305 1795 clariores,
1098 1771 1110 1774 “

212 1813 298 1851 Nos
330 1821 544 1867 postquam
577 1810 821 1866 Campaniae
854 1811 998 1852 Felicis
1030 1810 1325 1853 inlustrandam
1361 1812 1480 1867 origi·

97 1881 188 1909 nem
221 1869 499 1923 suscepimus,
523 1870 572 1910 de
604 1869 728 1925 ipsius
762 1884 871 1909 nunc
893 1869 1056 1925 singulis
1091 1872 1257 1912 vetustis
1295 1871 1478 1912 dicemus

95 1927 196 1968 Viis.
232 1928 268 1967 A
307 1926 458 1983 quibus
493 1927 580 1969 illae
623 1927 773 1968 fuerint
805 1928 984 1969 silicibus
1016 1938 1195 1980 stratae,
1232 1929 1294 1970 vel
1327 1931 1480 1970 restau-

99 2000 238 2035 ratae,
273 1987 445 2042 quinam
480 1985 643 2027 illarum
675 2001 817 2028 cursus
836 2002 1063 2043 ,quaenam
1085 1988 1369 2040 praeclariores
1397 2004 1485 2029 eve-

101 2046 266 2093 nerim,
301 2060 320 2084 a
354 2045 604 2100 quibusnam
637 2060 826 2097 eversae,
859 2049 1027 2102 quinam
1060 2045 1220 2087 illarum
1243 2047 1405 2087 tandem
1427 2062 1486 2088 re«

100 2115 192 2143 cens
232 2113 360 2143 status
383 2136 393 2155 ‚
427 2103 515 2145 heic
548 2104 766 2145 adiuvante
795 2106 883 2146 Deo
913 2107 965 2147 O.
1002 2107 1064 2148 M.
1099 2105 1386 2147 describemus.

216 2160 277 2201 De
309 2163 445 2219 Appia
480 2162 660 2216 primum
695 2164 853 2204 viarum
887 2165 1052 2219 regina,
1100 2180 1203 2219 quae
1235 2164 1483 2221 Campaniae
1520 2169 1570 2198 via
1592 2169 1686 2205 Appia.

102 2228 259 2273 partem
294 2223 537 2277 occupavit,
571 2237 706 2263 sermo
739 2221 1042 2278 producendus.
1097 2225 1220 2265 Anno
1254 2223 1305 2264 ab
1348 2223 1399 2265 V.
1435 2223 1487 2265 C.

96 2275 320 2318 DCCXHI.
355 2290 392 2319 et
426 2280 541 2321 XLI.
575 2291 667 2321 aute
700 2292 843 2323 natum
876 2280 1089 2324 Christum
1139 2282 1303 2323 Marcus
1352 2284 1484 2324 Anto-

99 2335 189 2378 nius
220 2335 481 2397 Cleopatram
513 2338 679 2399 AEgypti
711 2340 907 2397 Reginam
938 2340 1115 2393 deseruit
1135 2371 1147 2392 ,
1179 2355 1263 2400 quo
1295 2341 1486 2390 Octavia:
