1920 2579
1443 97 1516 125 121

150 153 300 199 zichat.
346 146 474 193 Sistra
502 146 580 191 alia
615 142 915 198 instrumenta5
947 158 1070 187 aenea
1097 157 1245 201 nempe
1294 141 1522 200 crepitacu-

156 215 193 256 la
222 211 373 269 quibus
407 208 590 265 AEgyptii
621 205 850 247 sacerdotes
881 205 921 246 in
956 205 1072 246 Isidis
1104 204 1225 246 sacris
1242 202 1302 244 uti
1322 201 1524 250 solebantq

156 270 319 314 Crotala
350 284 448 311 vero
479 263 721 324 crepitacula
745 295 761 314 ‚
791 263 943 320 quibus
993 264 1114 306 etiam
1146 261 1330 320 AEgyptii
1362 262 1403 302 in
1432 259 1527 301 deo·²

157 345 254 373 rum
298 325 558 370 caeremoniis
593 323 848 373 utebantur,
878 323 919 363 in
954 323 1104 377 quibus
1135 322 1220 363 duo
1266 318 1438 362 ossicula
1476 318 1530 360 ad

161 402 310 431 sonum
341 384 531 428 ciendum
568 381 878 425 collidebantur.
913 380 1095 435 Quidam
1126 390 1264 422 autem
1297 377 1529 420 existimant

159 446 364 488 annulum
394 459 441 486 ex
475 458 564 483 aere
597 440 721 483 fuisse
753 439 908 481 factum
928 470 939 492 ‚
974 442 1046 495 qui
1079 439 1211 482 ferreo
1243 446 1532 495 percuteretur

162 505 312 549 baculo
342 503 394 546 ad
423 501 584 545 fistulae
613 507 763 542 sonum
804 497 1079 544 reddendum.
1132 497 1222 541 Alia
1262 498 1536 539 instrumenta

164 563 218 605 ad
246 572 435 606 veterum
466 574 589 602 usum
620 558 784 601 addicta
812 556 1082 601 adservantur
1101 589 1113 611 ‚
1146 571 1250 613 quae
1280 571 1332 598 ne
1361 556 1405 596 in
1455 552 1541 619 lon.²

166 637 267 679 gum
296 618 640 679 progrediamur,
669 617 1045 674 praetermittimus.
1096 615 1262 658 Adhaec
1304 613 1423 672 plura
1462 613 1539 678 alia

167 697 216 726 ex
249 693 365 733 aere,
397 688 562 734 argento
584 708 600 729 ,
633 676 758 719 aliave
803 676 971 722 materia
1014 674 1192 718 conflata
1223 691 1238 725 3
1266 673 1441 723 bellica,
1477 681 1539 712 uti

170 740 301 796 galeae
323 770 336 789 ‚
389 746 500 779 scuta
519 766 535 788 ,
589 749 756 792 parmae
777 766 792 785 ‚
844 746 956 776 enses
978 764 993 784 ,
1043 744 1208 784 vectes,
1245 731 1410 781 mallei,
1462 729 1544 770 cla-

172 800 247 852 vi,
285 796 441 852 aliaque
482 793 682 851 permillia
727 792 947 838 domestica
992 791 1200 838 variorum
1233 804 1459 847 generum5
1491 802 1544 830 ne

173 856 306 898 dicam
336 855 387 896 ad
418 854 550 896 ravim
579 866 720 910 usque.

285 913 355 952 vDe
387 911 702 953 numismatibus
731 907 954 951 dicendum
986 909 1113 952 modo
1143 916 1235 952 est:
1267 924 1310 952 ea
1342 924 1389 952 ex
1419 923 1538 959 auro,
1574 903 1747 932 Nffi‘ifffl‘t

174 978 370 1026 argento,
405 983 453 1010 ex
483 982 573 1012 aere
603 982 698 1009 cusa
729 975 973 1020 servantur,
1005 978 1045 1009 et
1072 967 1127 1011 ad
1175 969 1356 1025 priscum
1401 969 1551 1010 Roma-

177 1042 330 1070 norum
356 1059 372 1080 ,
410 1034 450 1069 et
479 1026 690 1068 variorum
721 1026 941 1070 Caesarum
973 1026 1120 1070 aevum
1152 1026 1394 1085 pertinuisse
1441 1040 1561 1082 appan

179 1095 255 1129 ret.
287 1086 479 1143 Ipsorum
520 1084 724 1142 quaedam
769 1085 823 1127 ad
855 1084 1151 1144 Imperatorem
1197 1085 1445 1138 Vitellium,
1485 1084 1561 1125 alia

177 1145 230 1186 ad
262 1146 404 1188 Titum
436 1146 673 1203 pertinent:
706 1159 837 1187 unum
870 1144 976 1188 inter
1007 1156 1140 1189 cetera
1169 1144 1223 1188 ad
1259 1145 1563 1202 Vespasianum

181 1210 279 1261 post
310 1203 584 1264 lerosolymae
615 1206 866 1248 eversionem
899 1219 1043 1248 cusum
1066 1223 1086 1257 ;
1119 1220 1166 1249 ex
1198 1219 1280 1247 una
1320 1215 1436 1263 parte
1466 1205 1563 1259 legi-

180 1273 251 1304 tur
283 1262 336 1307 V
331 1277 472 1320 espas.
519 1262 701 1318 smper-3
750 1277 798 1304 ex
830 1264 986 1322 postica
1017 1273 1095 1306 stat
1127 1264 1310 1308 foemina
1356 1263 1565 1320 quaedam

183 1319 326 1363 sedens
356 1322 483 1378 passis
516 1323 672 1377 capillis
691 1354 705 1375 ,
735 1336 841 1380 quae
888 1323 1043 1381 patriae
1075 1322 1198 1367 deflet
1245 1325 1409 1366 ruinam
1456 1322 1566 1364 hisce

186 1379 525 1422 characteribus:
558 1378 732 1423 Iudaea
762 1390 903 1438 capta.
938 1382 1089 1424 Paucis
1118 1397 1215 1425 vero
1247 1382 1396 1425 abhinc
1428 1381 1561 1432 annis,

187 1453 338 1494 nempe
369 1437 664 1481 MDCCCXtI.
697 1437 821 1482 CCC.
841 1448 882 1480 et
901 1440 1079 1497 amplius
1098 1445 1259 1485 nummi
1291 1456 1340 1486 ex
1383 1455 1474 1482 aere
1504 1453 1569 1482 re-

184 1496 289 1552 perti
321 1496 436 1539 fuere
458 1527 470 1550 ,
500 1498 574 1553 qui
605 1511 749 1540 omnes
779 1496 834 1538 ad
865 1499 1002 1556 ipsum
1034 1509 1219 1557 spectant
1266 1499 1571 1557 Vespasianum

187 1555 491 1611 Imperatorem
522 1556 563 1595 in
598 1570 776 1612 quorum
809 1556 997 1615 pluribus
1031 1573 1079 1600 ex
1096 1558 1249 1615 postica
1265 1559 1416 1614 legitur
1451 1568 1568 1614 parte

188 1611 271 1654 Ex
305 1613 351 1654 S·
390 1613 437 1656 C.
474 1614 522 1655 ob
557 1618 680 1657 cives
707 1624 933 1666 cervam-5:
968 1631 1064 1658 nam
1097 1618 1333 1670 Imperator
1366 1631 1464 1658 cum
1496 1631 1569 1658 ura

991 1789 1008 1803 θ’

193 1865 264 1901 tius
290 1865 338 1902 ad
364 1875 525 1914 tempora
555 1875 638 1902 ante
666 1865 865 1903 diluvium.
896 1865 1059 1903 Tandem
1087 1880 1145 1905 me
1173 1866 1304 1904 vidisse
1345 1868 1496 1904 memini
1538 1869 1577 1904 in

192 1916 305 1965 Regio
331 1915 400 1952 hoc
437 1915 620 1952 Borbonio
653 1917 781 1953 Museo
812 1915 1001 1952 cuiusdam
1028 1917 1203 1953 foeminae
1231 1924 1339 1967 caput
1356 1944 1367 1961 ‚
1394 1925 1430 1953 et
1455 1919 1578 1968 pecto-

193 1965 241 2001 ris
266 1973 403 2016 partem
428 1966 502 2003 fato
531 1972 673 2015 ereptae
699 1968 736 2002 in
754 1966 868 2016 prima
884 1966 1086 2004 Vesuviana
1108 1968 1409 2016 conflagratione,
1431 1981 1472 2004 ex
1494 1968 1579 2018 qui-

194 2016 264 2052 bus
289 2016 372 2052 satis
398 2029 569 2065 magnam
597 2017 706 2054 fuisse
732 2018 912 2066 arguitur.
942 2016 1017 2054 Vbi
1044 2018 1128 2055 vide
1155 2030 1286 2068 quaeso
1322 2019 1394 2054 iam
1423 2032 1442 2054 a
1463 2019 1578 2055 Titia-

196 2079 244 2102 no
273 2079 362 2103 aevo
390 2066 437 2103 ad
464 2073 620 2104 nostram
647 2080 762 2118 usque
789 2074 941 2104 aetatem
968 2081 1042 2105 esse
1069 2069 1182 2106 dubio
1197 2069 1324 2118 procul
1341 2068 1578 2106 imminutum

198 2115 399 2153 humanum
425 2130 554 2167 genus,

297 2168 356 2203 Ex
381 2167 439 2204 his
465 2179 578 2216 usque
606 2168 712 2206 dictis
739 2176 838 2218 patet
859 2200 870 2216 ‚
898 2170 1066 2220 antiquos
1092 2169 1189 2219 apud
1201 2169 1352 2215 Graios,
1379 2170 1578 2206 Romanos„

205 2228 278 2266 que
304 2218 413 2255 fnisse
439 2216 584 2256 altiores
609 2219 735 2256 ceteris
759 2221 967 2257 recentibus
990 2220 1200 2258 ¹hominibus
1216 2247 1227 2266 ‚
1256 2233 1297 2256 ac
1323 2219 1474 2270 proinde
1492 2232 1580 2257 cunr

205 2275 263 2304 eta
289 2267 336 2304 ad
363 2268 460 2318 ipsos
485 2269 716 2311 sustinendos
752 2269 864 2326 fuisse
890 2270 1073 2323 grandiori
1099 2271 1468 2321 form-‚quamnam
1484 2276 1579 2312 sunt:

329 2319 381 2375 Τ
442 2318 483 2375 I.-
1253 2335 1302 2388 ι]
