1920 2579
1382 141 1457 181 ¹¹9

92 196 135 228 et
164 185 397 228 Tiberianas
429 184 588 226 delicias
625 183 862 227 adiunxisse.
907 186 1021 237 .AEvo
1051 185 1240 242 'sequiori
1287 185 1458 228 fortasse

95 244 161 285 alii
193 243 457 299 Imperatores
488 243 640 283 insulae
670 244 776 299 capti
810 244 1055 284 amoenitate
1084 243 1124 283 in
1158 245 1260 284 hanc
1289 243 1459 285 advene—

94 312 204 343 runt.
242 301 363 343 Haud
394 315 489 342 vero
521 299 711 341 credibile
743 310 802 342 est
833 300 1035 343 Romanos
1067 302 1108 341 in
1138 303 1284 344 odium
1308 301 1460 343 Tiberii

94 374 234 400 omnes
266 359 419 401 insulae
448 357 606 398 delicias
637 360 857 410 evertisse3
890 359 1085 413 temporis
1116 359 1387 416 longaevitas,
1420 371 1460 400 et

98 432 297 472 aquarum
329 415 616 457 inundationes
637 447 649 465 ‚
681 426 947 457 'terraemotus
976 417 1162 458 locorum
1212 416 1355 458 faciem
1389 433 1459 473 po-

92 474 173 515 tius
205 484 428 517 verterunt.
459 475 520 515 Ex
551 474 757 515 immensis
789 474 1034 516 fabricarum
1068 475 1311 527 ruderibus,
1359 491 1463 532 quae

93 544 310 587 supersunt
359 532 399 573 in
444 541 525 574 tota
557 532 687 573 insula
707 562 723 584 ,
779 547 826 574 ex
878 547 1132 574 marmorum
1184 533 1461 591 pretiosorum

91 589 358 644 fragmentis,
395 604 442 631 ex
472 590 672 632 columnis
691 621 703 642 ,
735 591 1002 644 pavimentis,
1037 590 1167 641 vasis,
1201 591 1458 633 numismati·

91 646 191 698 bus,
225 651 386 700 statuis,
418 647 584 706 aliisque
616 647 735 689 rebus
766 650 913 705 passim
945 650 985 689 in
1019 664 1064 690 eo
1096 649 1182 692 solo
1212 650 1358 705 sparsis
1375 665 1454 692 cer·

93 708 216 746 tiores
249 708 342 747 facti
372 722 542 759 sumus,
575 707 678 747 hanc
710 707 883 749 insulam
930 706 1026 749 olim
1056 706 1179 750 fuisse
1228 711 1451 764 Imperato-

92 778 182 803 rum
218 764 378 806 delicias
397 796 409 816 ‚
439 775 481 805 et
511 764 841 805 amoenissimum
872 779 1088 806 secessum.

206 822 443 863 Hodiedum
474 822 601 863 insula
631 837 653 862 a
684 833 796 864 tanta
827 822 1123 877 magnificentia
1161 822 1351 879 conlapsa
1381 834 1455 874 est,

83 888 126 917 ‘et
155 879 396 930 nihils-aliud
435 891 645 936 superest,
681 896 805 936 quam
855 895 977 936 parva
1010 880 1142 931 urbs,
1204 896 1308 938 quae
1348 882 1450 922 nihil

89 934 367 979 admirationis
401 938 647 995 praesefert:
683 954 804 994 supra
852 938 1027 980 insulam
1062 948 1122 979 est
1157 953 1283 995 pagus
1318 939 1453 981 dictus

89 993 321 1049 Anac-apri
346 997 396 1036 ab
430 996 492 1036 ἄνεί
521 1011 682 1051 snpra,
720 995 833 1052 quod
865 1011 1012 1053 nempe
1041 1011 1165 1052 supra
1196 998 1451 1040 ascendatur.

90 1051 151 1090 De
183 1053 254 1092 hac
290 1054 416 1094 insula
457 1053 594 1107 plures
627 1055 877 1095 mentionem
908 1053 1070 1103 fecere,
1130 1065 1175 1096 ut
1210 1055 1315 1097 inter
1346 1056 1446 1096 alios

90 1108 283 1161 Capacius
308 1112 410 1152 Hist.
448 1110 617 1165 Neapol.
651 1111 721 1152 lib.
757 1111 809 1152 II.
841 1125 874 1151 c.
915 1113 965 1163 14
993 1110 1181 1156 Hadrava
1203 1143 1216 1162 ,
1249 1113 1447 1167 Scoperte

89 1165 191 1207 delle
228 1169 419 1210 antichiia
452 1170 491 1210 di
522 1169 678 1225 Capri,
714 1169 986 1221 Iustinianus‚
1022 1169 1182 1212 Dizion.
1220 1169 1285 1212 del
1313 1170 1450 1226 Regno

91 1222 133 1262 di
164 1227 270 1282 Nap.
308 1229 417 1270 artic.
445 1227 593 1283 Capri,
625 1227 784 1284 aliique.
820 1227 1057 1281 piscatoriae
1089 1228 1256 1270 tandem
1287 1229 1364 1270 arti
1387 1245 1446 1270 va·

85 1292 152 1321 cat
189 1283 358 1325 maxima
390 1286 616 1327 incolarum
651 1300 742 1341 pax-s
765 1315 776 1336 ,
810 1295 881 1326 aut
919 1283 1145 1327 reficiendis
1173 1285 1326 1329 retibus
1350 1301 1450 1338 ,na-

85 1339 296 1436 {ziJ-giisgfue.
330 1342 440 1383 Olim
477 1344 576 1384 duas
617 1342 656 1383 in
695 1357 741 1399 ea
778 1342 901 1384 fuisse
953 1343 1071 1384 urbes
1116 1344 1254 1388 scribit
1292 1344 1436 1387 Strabo

90 1410 158 1438 ti).
237 1429 246 1438 .
1013 1426 1016 1429 ι

492 1513 694 1571 Explicit
725 1515 831 1556 liber·
862 1525 1047 1573 quartus,

662 1600 678 1609 x
