1920 2579
1475 133 1549 174 281

296 185 454 230 Eadem
474 186 693 240 Ecclesia,
732 195 771 227 et
800 184 839 229 S.
871 186 1046 230 Ianuarii
1079 184 1361 249 sepulchrum'
1387 191 1549 245 'tempo-

181 246 291 304 poris
323 243 849 302 progressuadeomelebre
888 245 1041 299 evasit,
1075 257 1121 288 ut
1153 246 1262 304 apud
1305 248 1545 305 ‘Neapolita-

182 319 256 346 nos
287 318 361 359 per
414 303 546 360 ipsum
595 304 734 345 iurare
761 302 830 360 (1)
879 318 967 346 mos
1016 304 1252 346 obtinuerit.
1304 307 1428 361 Q'uin'
1464 307 1546 349 imo

179 372 372 410 constat,
404 361 640 403 Sacerdotes
656 368 795 402 omnes
826 362 1088 405 iureiurando
1116 374 1276 405 coactos
1309 364 1431 406 fuisse
1482 380 1546 406 co-

179 434 266 461 ram
301 418 531 475 Episcopo,
566 430 611 461 ut
642 420 860 475 quotannis
890 420 1111 463 Ecclesiam
1138 453 1150 472 ,
1183 432 1224 464 et
1276 420 1545 481 sepulchrum

179 479 372 535 Martyris
402 477 618 519 inviserent
637 509 650 528 ,
685 478 731 518 ni.
745 478 881 533 aliquo
901 480 1094 521 canonico
1117 479 1412 536 impedimento
1435 497 1547 537 prae-

180 534 416 590 pedirentur
438 550 446 574 :
479 551 527 576 en
559 537 733 578 formula
763 535 812 576 ab
836 535 981 582 ‘iisdem
1001 537 1208 579 adhibita:
1242 539 1416 581 Limina
1435 545 1546 582 Bea-

182 594 213 633 τί
248 593 439 634 Ianuarii
462 595 645 651 singulis
691 595 819 635 annis
839 591 1136 649 ‘personaliter
1191 598 1399 651 visitabo,
1457 599 1550 640 ‘nisi

178 652 458 707 praepeditus
476 654 622 711 fuero
645 653 862 708 cdnonica
874 663 877 666 ⁴
888 654 1277 710 praepeditcctione.

185 860 270 896 ditis
295 859 419 909 hostiis
431 857 595 907 floribus
619 871 762 910 semper
782 860 994 898 honoraret.
1029 861 1099 898 Hic
1143 874 1229 898 usus
1254 859 1298 897 ali
1331 860 1483 897 ethnicis
1510 861 1557 896 ad

186 910 409 947 Christianos
435 919 558 959 postea
585 911 775 956 transivit,
799 913 986 960 praecipue
1012 924 1117 960 supra
1144 913 1347 961 Martyrum
1377 909 1551 947 tumulos-

185 962 280 998 Hinc
306 961 409 1010 plura
437 961 583 996 illorum
609 968 844 998 monumenta
873 961 908 996 in
947 961 1104 1011 antiquis
1131 964 1326 1011 reperimus
1364 960 1551 997 Coemete-

185 1012 247 1048 riis
264 1039 275 1056 ‚
305 1011 368 1047 ubi
396 1010 521 1046 iisdem
547 1009 726 1048 honorem
751 1011 849 1047 hune
877 1011 1055 1047 tributum
1083 1011 1317 1060 colligimus..
1341 1011 1379 1047 S.
1420 1011 1552 1046 Hiero-

185 1074 318 1110 nymus
337 1062 440 1111 epist.
478 1060 544 1095 III.
584 1061 628 1097 ad
653 1060 894 1098 Heliodorum
917 1088 927 1106 ‚
967 1068 1002 1097 et
1035 1060 1075 1097 S.
1104 1061 1331 1109 Augustinus
1365 1061 1409 1096 de
1437 1060 1549 1095 Civit.

185 1112 253 1146 Dei
283 1111 345 1146 lib.
373 1111 493 1146 XXII.
523 1127 553 1150 c.
582 1112 602 1147 5
630 1111 782 1147 huiusce
808 1122 895 1146 usus
921 1112 1138 1146 mentionem
1167 1111 1330 1154 faciunt,
1358 1117 1391 1147 et
1406 1110 1444 1147 S.
1457 1110 1549 1145 Pau-

185 1161 280 1197 linus
307 1174 390 1210 prae
418 1163 541 1198 ceteris
571 1160 688 1198 Natat.
715 1162 779 1196 111.
807 1160 847 1195 S.
875 1159 1004 1195 Felicis
1029 1160 1080 1195 sic
1107 1160 1225 1195 canit:

380 1262 550 1312 Spargite
564 1262 670 1310 flore
696 1261 830 1304 solum,
852 1263 1065 1310 praetexite
1092 1260 1215 1303 limina
1240 1263 1343 1296 sertis
1364 1275 1374 1296 ι

381 1314 614 1360 Purpureum
640 1324 705 1349 vet·
725 1313 833 1359 spiret
859 1310 973 1346 hiems
992 1338 1003 1354 ‚
1030 1310 1239 1356 sz'tfloteus
1264 1322 1380 1348 annus
1396 1340 1407 1356 ,

380 1364 477 1397 Ante
502 1361 600 1397 diem
625 1368 751 1397 sancto
777 1361 885 1395 cadet
912 1368 1048 1396 natura
1073 1360 1149 1394 diei
1168 1387 1178 1404 ,

384 1413 564 1460 Martyris
589 1411 640 1447 ad
666 1410 837 1447 tumulum
863 1409 971 1445 debet
997 1418 1033 1446 ec
1060 1418 1160 1445 terra
1185 1422 1354 1447 coronas,

286 1515 344 1563 (ι)
370 1512 527 1549 Huiusce
555 1510 785 1547 iurisiurandi
813 1510 968 1559 profecto
995 1511 1098 1559 origo
1124 1522 1227 1559 snpra
1254 1509 1297 1547 S.
1326 1510 1480 1546 Ianuarii
1498 1524 1553 1547 sc-

186 1565 378 1615 pulchrum
407 1564 450 1598 ab
478 1561 628 1597 ethnicis
655 1562 761 1597 etiam
790 1559 974 1596 derivavit.
1003 1559 1109 1608 Apud
1136 1567 1272 1596 veteres
1298 1561 1415 1596 iurare
1444 1573 1551 1609 supra

186 1616 338 1652 heroum
384 1612 615 1658 tumulosaein
661 1623 758 1647 more
802 1609 870 1645 suit
909 1609 1079 1658 positum.
1109 1609 1202 1645 Hinc
1232 1609 1329 1658 apud
1370 1612 1558 1660 scriptores

187 1666 342 1701 Graecos
360 1691 370 1707 ,
396 1670 429 1698 et
456 1663 635 1698 Romanos
662 1659 947 1710 frequentissime
974 1658 1099 1697 eadem
1127 1661 1281 1697 occurrit
1307 1660 1554 1698 consuetudot

183 1715 268 1751 hinc
297 1713 467 1763 Visgilius
494 1712 538 1748 de
565 1710 730 1762 Augusto
758 1710 885 1747 canit:

391 1814 587 1849 Praesenti
611 1818 769 1847 matur-os
796 1810 976 1859 largimur
998 1810 1154 1847 honores
1169 1839 1178 1855 .‚

388 1862 647 1912 Iurandasque
673 1870 772 1897 tuum
794 1874 866 1910 per·
887 1874 1017 1897 nomen
1039 1865 1205 1910 ponimus
1230 1873 1330 1899 aras.

186 1964 382 2014 Drusillam
410 1965 476 2000 hoc
502 1964 638 2000 honore
665 1964 797 2001 cultam
826 1970 944 2000 narrat
970 1964 1039 2000 Dio
1066 1963 1129 2000 lib.
1158 1962 1246 1999 LIX
1274 1963 1443 2012 idemque
1484 1976 1560 2001 me1

189 2018 324 2052 moriae
351 2014 537 2064 prodidit,
567 2014 758 2050 Claudium
786 2016 1037 2063 Imperatorem
1065 2013 1234 2050 mulieres
1262 2013 1379 2050 iurare
1421 2015 1560 2051 iussiss-

186 2067 308 2103 Liviae
335 2066 507 2101 nomine:
535 2063 782 2100 Tertullianus
810 2061 961 2114 Apolog.
989 2072 1030 2100 c.'
1053 2065 1099 2101 28
1120 2077 1159 2100 ca
1180 2063 1407 2100 iureiuranda
1434 2076 1563 2101 sac-rae

187 2118 321 2152 tissima
365 2115 534 2164 appellat.
583 2114 865 2152 Christianorum
894 2127 977 2151 vero
1004 2113 1235 2150 iun-aiuranda
1263 2114 1370 2150 fuisse
1414 2114 1561 2152 omnino

189 2164 390 2203 differentia
417 2178 523 2214 supra
550 2168 756 2215 Martyrum
783 2164 970 2214 sepulchra
998 2165 1139 2215 liquet,
1169 2176 1287 2213 eaque
1311 2164 1451 2201 nonnisi
1480 2177 1560 2201 san-

189 2222 241 2249 cta
259 2243 271 2261 2
314 2228 353 2251 ac
390 2218 481 2251 iusta
521 2216 566 2254 de
604 2228 709 2253 causa
752 2215 873 2259 facta3
898 2227 998 2253 secus
1027 2228 1109 2254 vero
1138 2228 1177 2251 ea
1206 2226 1299 2265 quae
1326 2215 1370 2254 ab
1405 2214 1559 2252 ethnicis

190 2265 317 2301 fiebam
346 2266 526 2313 gentibus.

309 2317 354 2357 T.
394 2316 460 2358 II.
1175 2318 1229 2359 36
