1920 2579
404 126 481 167 158
1619 117 1648 124 ““

396 180 612 224 debuerint
643 178 752 223 horti
783 177 1144 237 Li1ci1liiani‚†qui
1179 187 1447 237 pervenerant
1477 178 1518 220 in
1563 178 1761 238 Principis

399 256 573 293 manus,
607 249 925 297 manseruntque
957 253 1084 296 usque
1114 239 1167 280 ad
1199 238 1368 280 Traiani
1398 247 1585 290 aetatem,
1608 250 1652 281 ut
1668 249 1763 280 aute

399 299 588 341 diximus.
620 298 699 339 Hic
745 311 842 337 vero
890 297 1075 337 omnium
1122 298 1408 339 Romanorum
1443 297 1664 338 ditissimus
1716 310 1763 338 eo

399 358 585 414 pervenit
617 355 931 411 magnificentiae
950 387 962 406 ‚
997 364 1042 395 ut
1073 371 1195 397 nemo
1230 370 1326 396 cum
1356 356 1443 411 ipso
1463 354 1761 411 comparandus

398 429 581 471 unquam
616 414 751 457 fuerit.
783 413 895 455 Eum
927 424 1062 464 postea
1094 415 1136 454 in
1166 413 1271 458 villis
1303 412 1553 464 exstruendis
1579 412 1761 468 magnifi-

397 474 635 515 centissimis
694 471 877 528 plerique
926 472 1207 514 Romanorum
1268 471 1556 527 locupletiores
1620 472 1767 512 imitati

399 534 524 575 fuere.
558 531 607 573 Id
637 530 797 572 videtur
829 529 986 572 Tullius
1017 531 1185 571 inuuere
1216 530 1272 570 sic
1319 528 1495 570 scribens
1534 530 1595 570 De
1643 527 1766 570 offic.

397 592 469 634 lib.
502 591 534 631 I.
568 607 601 633 c,
633 594 702 645 39.
736 591 919 631 Studiose
950 589 1053 630 euim
1084 588 1271 644 plerique
1313 592 1552 642 praesertim
1592 589 1630 630 in
1667 590 1765 629 hanc

396 662 550 711 partem
574 654 690 706 facta
704 653 932 704 principum
952 652 1159 688 imitantur·
1176 662 1186 683 .·
1206 655 1248 687 ut
1273 645 1391 686 Lucii
1425 646 1589 688 Luculli
1621 651 1763 688 summi

407 712 458 754 p*
454 716 503 752 iri
537 711 715 750 virtutem
750 711 872 761 quis?
905 720 1072 762 quarum
1103 704 1257 760 quidem
1296 713 1404 745 certe
1423 713 1482 746 est
1515 703 1762 745 adhibendus

403 771 539 812 modus
574 802 587 822 ‚
637 769 688 807 ad
742 768 1134 819 mediocritatemque
1182 765 1430 805 revocandus.
1481 764 1542 804 Ex
1587 763 1661 803 hoc
1699 762 1766 802 Ci-

404 827 561 868 ceronis
594 824 827 865 testimonio
857 823 952 864 satis
982 823 1128 871 elucet,
1162 821 1272 862 hunc
1302 819 1662 875 praeclarissimum
1695 819 1770 861 Vi-

407 900 499 926 rum
535 894 719 924 normam
752 882 792 922 in
827 882 929 923 villis
966 878 1224 921 aedificandis
1257 879 1405 929 fuisse,
1444 894 1620 935 eumque
1651 877 1773 918 adul·

406 945 553 985 timum
588 940 843 998 perfectionis
882 941 1037 997 apicem
1068 938 1323 993 pervenisse:
1357 937 1450 978 hinc
1480 948 1568 988 est,
1614 946 1659 977 ut
1711 946 1772 977 tot

409 1004 473 1044 alii
505 1001 679 1042 Romani
699 998 846 1040 divites
870 997 985 1040 Lucii
1005 995 1169 1037 Luculli
1187 996 1416 1051 exemplum
1439 997 1599 1046 sectati,
1625 995 1768 1051 passim

407 1071 469 1101 tot
503 1073 692 1100 amoenas
725 1057 836 1098 villas
868 1057 907 1097 in
943 1065 1082 1096 nostro
1116 1054 1326 1110 Campano
1357 1052 1620 1095 aedificarunt
1652 1051 1768 1094 solo:

407 1119 501 1160 liinc
537 1118 657 1157 etiam
691 1115 847 1155 Vedius
882 1114 946 1154 ille
990 1112 1119 1154 Pollio
1161 1128 1280 1168 supra
1329 1112 1594 1169 Pausilypum
1641 1110 1773 1151 villam

406 1192 500 1217 cum
536 1172 793 1214 nobilissimis
828 1172 1005 1227 piscinis,
1038 1186 1212 1225 quarum
1245 1170 1379 1210 adhuc
1412 1180 1563 1209 restant
1595 1168 1771 1223 vestigia,

407 1232 651 1275 Hortensius
673 1262 684 1281 ⁷
715 1230 841 1269 Vacia
867 1261 879 1279 ,
911 1229 1058 1270 Caesar
1079 1258 1089 1279 ‚
1107 1228 1254 1283 aliique
1274 1227 1407 1283 plures
1428 1227 1581 1268 nobiles
1598 1227 1770 1268 Romani

407 1293 499 1335 Viri
533 1289 641 1344 apud
673 1289 818 1340 Baias,
870 1287 1107 1338 Misenum,
1157 1284 1311 1342 aliaque
1356 1283 1442 1325 loca
1494 1284 1776 1325 condiderunt.

407 1351 559 1393 Nonne
590 1347 663 1402 ipsi
695 1362 742 1388 ex
772 1344 946 1388 Lucullo
972 1343 1208 1401 'exemplum
1239 1357 1446 1398 sumpsere
1465 1345 1484 1382 ‘t’
1536 1344 1593 1383 At
1637 1340 1780 1398 procul

409 1409 538 1450 dubio
572 1405 780 1446 fatendum
816 1414 901 1455 est,
948 1402 1083 1458 ipsum
1120 1400 1250 1442 multo
1297 1400 1682 1456 magnificentiorem
1736 1399 1776 1438 iu

410 1466 561 1509 eisdem
592 1462 824 1504 extruendis
864 1460 998 1502 fulsse.
1032 1460 1113 1500 Hic
1147 1461 1266 1500 etiam
1300 1469 1458 1515 praeter
1489 1470 1549 1500 tot
1570 1467 1773 1513 sumptus,

412 1536 475 1568 tot
508 1525 625 1565 etiam
659 1520 855 1562 arborum
888 1533 1010 1560 novas
1050 1517 1204 1573 plautas
1236 1533 1280 1558 ex
1313 1518 1407 1559 Asia
1439 1528 1528 1574 post
1565 1514 1777 1558 Mithrida-

411 1596 493 1625 tem
523 1582 728 1622 devictum
761 1579 802 1619 in
836 1587 974 1618 nostro
1006 1576 1217 1632 Campano
1262 1576 1442 1617 condidit
1479 1575 1580 1618 solo.
1628 1574 1776 1614 Nonne

412 1655 452 1684 et
484 1654 635 1683 cerasos
656 1670 668 1687 ,
700 1638 876 1692 aliasque
908 1634 1117 1675 fructuum
1141 1632 1294 1690 plantas
1335 1632 1386 1674 ab
1416 1633 1503 1690 ipso
1523 1632 1704 1674 Lucullo
1734 1645 1783 1671 ne

410 1700 618 1742 troductas
651 1695 849 1737 fuisse'ex
881 1691 1013 1734 Plinio
1044 1693 1150 1732 Hist.
1177 1691 1324 1735 Natur.
1372 1691 1439 1733 lib.
1487 1691 1585 1735 XV.
1623 1706 1655 1731 c.
1706 1689 1775 1731 525

409 1757 567 1815 liquido
601 1755 937 1796 demonstratur?
967 1748 1242 1792 Tertullianus
1264 1743 1436 1807 Apolog.
1455 1749 1646 1791 adversus
1663 1748 1772 1790 Gen-

378 1827 468 1859 ⁴tes
503 1830 615 1857 num.
645 1812 699 1852 ΙΙ.
733 1811 797 1851 Sic
842 1809 893 1850 de
939 1809 1103 1851 Lucull.
1149 1808 1307 1850 tradit:
1357 1809 1565 1850 Lucullus
1611 1807 1778 1862 primus

413 1889 570 1918 cerasa
603 1886 663 1923 ex
698 1871 839 1912 Ponto
871 1869 1022 1911 Italiae
1056 1867 1365 1925 promulgavit.
1386 1866 1441 1907 Et
1486 1867 1536 1907 D.
1569 1868 1777 1921 Hierony-

413 1931 608 1975 mus'lib‚
650 1929 678 1969 Ι.
718 1929 835 1983 epist.
866 1929 919 1970 35
953 1926 1004 1967 ad
1024 1925 1220 1966 Eustoch.
1242 1926 1296 1966 sic
1316 1926 1435 1965 etiam
1473 1925 1661 1982 scripsit:
1688 1922 1778 1964 Ve-

414 2007 511 2033 rum
545 2007 596 2031 ne
629 1987 805 2036 videar,
839 1986 956 2027 dona
990 1984 1219 2033 minuisse,
1275 1983 1526 2038 accepimus
1574 1991 1614 2022 et
1647 1980 1775 2025 Cani-

415 2061 550 2092 strum
583 2046 747 2089 cerasis
775 2046 978 2097 refertum
1002 2073 1015 2093 ,
1051 2043 1204 2083 talibus
1240 2050 1279 2082 et
1310 2050 1398 2081 tam
1439 2041 1636 2097 virginali
1656 2053 1770 2080 vere-

416 2107 575 2158 cundia
611 2103 880 2153 rubentibus,
912 2111 956 2143 ut
985 2115 1037 2142 ea
1073 2114 1188 2141 nunc
1220 2114 1247 2142 a
1280 2098 1465 2140 Lucullo
1505 2098 1648 2139 delata
1678 2097 1773 2137 exi-

416 2167 648 2207 stimarem.
681 2160 896 2217 Siquidem
931 2161 1013 2201 hoc
1044 2172 1180 2216 genus
1207 2157 1333 2213 pomi
1361 2161 1492 2199 Ponto
1512 2186 1526 2206 ‚
1559 2164 1599 2196 ec
1617 2154 1776 2195 Arme-

416 2225 489 2264 nia
524 2223 755 2276 subiugatur
794 2218 847 2260 (le
902 2219 1129 2259 cerasunto
1160 2222 1327 2271 primus
1362 2220 1541 2256 Romam
1583 2212 1774 2268 pertulit.

419 2280 630 2327 Probabile
661 2279 781 2332 igitur
813 2286 870 2318 est
901 2276 1011 2317 hunc
1042 2274 1210 2320 divitem
1244 2274 1394 2315 Virum
1425 2272 1467 2313 in
1515 2272 1596 2314 suis
1646 2269 1777 2312 hortis
