1920 2579
1421 135 1491 175 181

122 189 279 231 cunctis
311 187 488 230 relictis:
524 205 616 231 nam
650 190 860 246 Capuam,
894 190 1078 233 Caietam
1103 221 1114 243 ‚
1163 190 1411 246 Neapolim,
1463 201 1502 230 et

123 249 320 302 Rhegium
359 263 484 303 usque
520 259 775 315 p⁷ertaserapt
807 248 929 299 Itali,
985 264 1068 305 quo
1122 249 1503 304 Langobardorum

124 306 351 360 effugerent
384 306 484 346 iram
505 338 517 356 ‚
551 305 696 363 praeda
729 306 880 362 ingenti
912 320 934 346 a
965 306 1152 348 Barbaris
1197 306 1313 348 facta.
1354 308 1501 363 Longi-

124 379 200 405 nus
233 366 445 405 Ravennae
477 365 685 406 Exarchus
720 364 829 405 haud
870 358 964 419 ipsu·
998 366 1178 407 resistere
1210 376 1395 421 poterat:
1431 367 1496 409 vix

122 422 230 463 enim
269 422 384 477 pauci
421 423 568 463 milites
602 422 657 463 illi
685 423 984 477 superfuerant.

239 479 376 522 XXX.
428 480 698 521 Barbarorum
731 480 825 520 inde
864 480 1173 522 decursionibus
1208 492 1352 523 cuncta
1396 497 1497 537 pene

124 537 236 578 Italia
290 539 476 594 direpta,
529 539 664 580 Zotho
711 538 878 580 illorum
927 542 1023 580 Dux
1079 538 1255 581 modicis
1302 550 1501 580 vastatum

125 596 339 637 Samnium
382 596 587 651 praesidiis
620 608 820 654 occupat,
853 607 892 637 et
927 596 978 637 ad
1011 599 1291 638 Beneventum
1326 600 1501 654 perrexit

124 654 267 696 urbem
303 654 468 695 moeniis
502 656 732 705 munitam,
764 670 890 711 quam
922 655 1121 696 obsessam
1157 657 1277 711 paulo
1328 667 1417 711 post
1459 657 1499 699 vi

120 715 244 769 capit.
277 713 358 768 Qui
390 711 466 753 loci
496 715 738 754 amoenitate
780 715 969 763 illectus,
1015 714 1076 754 sui
1129 717 1317 755 Ducatus
1363 713 1500 756 sedem

126 770 212 826 figit
231 804 242 822 ,
274 771 458 827 quamvis
487 772 554 812 alii
584 772 693 812 hunc
725 782 841 812 antea
879 782 1061 812 erectum
1090 773 1278 813 credunt.

243 829 396 873 XXXI.
446 832 568 872 Anno
600 844 696 871 vero
730 829 968 870 DLXXIII.
1002 829 1202 871 Alboinus
1256 830 1386 886 pridie
1415 834 1501 873 No·
1541 849 1544 855 ·

126 904 196 929 nas
230 887 484 945 Septembres
514 889 621 930 ferro
653 888 731 929 fuit
761 889 959 928 extinctus
978 920 990 937 ,
1030 888 1190 929 durnin
1214 888 1326 930 Italia
1359 905 1500 945 regna-

124 957 238 989 verat
269 958 347 987 tres
379 958 541 999 annos,
576 956 615 986 et
644 962 712 988 sex
747 962 917 989 menses.
951 947 1049 988 Eius
1090 960 1201 988 mors
1237 963 1307 1003 per
1356 949 1500 990 coniu-

126 1021 214 1058 gem
249 1004 530 1046 Rosmundam
562 1005 677 1059 Regis
716 1003 975 1061 Gepidorum
1009 1003 1134 1046 filiam
1183 1005 1263 1046 fuit
1317 1017 1502 1063 patrata
1499 1022 1507 1030 ·

123 1078 173 1104 ea
204 1065 312 1103 enirn
344 1062 395 1102 ad
427 1063 562 1118 epulas
595 1062 762 1105 invitata
793 1062 891 1103 dum
927 1064 1116 1104 Veronae
1149 1074 1284 1114 esset,
1313 1075 1358 1106 ut
1381 1066 1418 1104 in
1441 1067 1502 1106 sui

128 1123 301 1177 parentis
334 1121 501 1163 calvaria
533 1121 721 1173 biberet,
755 1130 889 1176 rogata
916 1152 926 1172 ‚
959 1123 1069 1162 iuxta
1099 1121 1382 1164 Barbarorum
1412 1138 1498 1165 mo-

122 1194 187 1220 res
211 1211 220 1228 ,
257 1180 409 1220 offensa
448 1194 548 1224 uxor
571 1211 584 1229 ‚
617 1180 805 1221 iniuriam
831 1177 1038 1220 ulciscitur
1062 1210 1075 1229 ,
1108 1179 1295 1220 Peridaei
1329 1181 1502 1222 familia·

129 1237 183 1278 ris
213 1239 271 1278 sui
305 1237 469 1278 brachio
510 1247 654 1286 utens,
693 1237 841 1293 Regem
875 1239 968 1278 vino
1000 1238 1214 1293 sepultum
1242 1236 1375 1292 gladio
1409 1255 1501 1282 con·

121 1294 492 1336 efodit.Rosmunda
530 1296 690 1337 interim
723 1311 774 1337 ne
804 1310 826 1335 a
857 1295 1142 1351 Longobardis
1163 1297 1286 1338 morti
1305 1307 1409 1339 esset
1423 1309 1501 1340 tra-

126 1354 207 1395 dita
227 1385 237 1405 ‚
272 1353 323 1394 ad
355 1355 585 1407 Longinum
632 1353 707 1410 qui
751 1364 835 1394 erat
867 1355 1082 1395 Ravennae
1104 1385 1118 1404 ,
1146 1355 1355 1411 confugit,
1405 1372 1502 1399 cum

127 1413 281 1466 abrepti
317 1412 495 1466 coniugis
527 1413 756 1466 ingentibus
777 1411 923 1468 opibus
946 1430 958 1452 :
979 1412 1044 1453 hic
1076 1427 1277 1455 venenum
1296 1414 1500 1470 Eimegiso

130 1486 175 1511 ex
211 1470 356 1510 balneo
391 1469 608 1524 prodeunti
628 1470 817 1525 propinat
837 1502 849 1523 ‚
878 1468 989 1526 quod
1024 1470 1163 1510 eadem
1189 1469 1239 1511 ad
1277 1471 1502 1515 bibendum

123 1529 258 1569 suerat
290 1539 425 1568 coacta
447 1559 460 1579 ,
496 1528 615 1568 simu-l
656 1529 925 1569 emoriuntur.
960 1527 1176 1583 Longinus
1213 1541 1352 1584 postea
1385 1530 1498 1572 Con-

121 1586 360 1642 rslinopolim
399 1586 638 1639 thesauros,
681 1596 724 1627 et
755 1586 924 1627 Alboini
974 1586 1278 1629 interfectorem
1317 1589 1502 1631 Peridae-

130 1661 201 1687 um
236 1656 353 1684 misit.

241 1704 410 1746 XXXII.
446 1702 554 1743 Huic
585 1699 683 1758 Regi
714 1704 905 1744 successit
937 1703 1078 1745 Clefus
1110 1719 1158 1745 ex
1176 1703 1415 1748 Balaeorum
1433 1721 1500 1761 ge-

127 1778 254 1811 nere,
296 1763 367 1818 qui
397 1776 565 1802 uxorem
586 1761 756 1803 duxerat
798 1762 1026 1804 Massanam
1080 1764 1262 1807 nomine.
1295 1765 1372 1806 Hic
1417 1778 1502 1805 non

121 1820 329 1888 ampfius,
375 1835 500 1874 quaxn
531 1835 597 1859 sex
636 1831 676 1860 et
715 1819 853 1860 decem
906 1821 1086 1876 regnavit
1124 1837 1310 1873 menses,
1354 1838 1375 1863 a
1422 1823 1503 1864 suis

118 1880 216 1933 ipsis
250 1878 355 1918 ferro
397 1878 675 1920 obtruncatus.
711 1878 807 1918 Post
841 1878 947 1918 hunc
985 1881 1215 1934 interregno
1242 1880 1379 1931 facto,
1402 1883 1501 1923 eius.

115 1938 214 1978 dem
250 1935 353 1976 filius
388 1937 550 1976 Autaris
584 1936 680 1977 XII.
713 1951 820 1976 anno
853 1951 875 1976 a
909 1938 1030 1990 patris
1060 1937 1147 1977 fato
1171 1969 1183 1986 ‚
1211 1938 1504 1995 Langobardo-

120 2011 215 2038 rum
247 1995 331 2035 Rex
375 1993 543 2048 eligitur.
580 1995 732 2035 Interea
769 1995 985 2036 Mauritius
1040 1995 1205 2036 orientis
1241 1995 1501 2054 Imperator,

116 2069 204 2110 quo
243 2052 533 2108 Langobardos
565 2052 675 2093 Italia
701 2054 930 2109 expelleret,
957 2069 1050 2094 cum
1085 2053 1350 2097 Childeberto
1376 2057 1504 2098 Fran-

120 2127 264 2152 corum
301 2113 407 2166 Rege
437 2111 577 2152 foedus
611 2112 711 2164 iniit,
744 2113 955 2168 quipauIO
988 2123 1081 2168 post
1116 2128 1259 2168 magno
1279 2130 1371 2155 curn
1393 2129 1501 2155 exer-

87 2170 207 2210 ·citu
241 2170 279 2210 in
315 2170 431 2211 Italas
484 2170 676 2226 irrumpit
714 2170 955 2226 provincias.
1000 2172 1058 2214 At
1097 2173 1350 2213 Francorum
1397 2174 1502 2223 Rex,

118 2228 195 2284 »qui
228 2228 371 2286 donis,
406 2239 444 2269 et
478 2227 714 2269 divitiarum
748 2228 946 2270 thesauris
977 2246 998 2271 a
1031 2229 1224 2271 Mauricio
1271 2232 1402 2272 fuerat
1432 2246 1499 2271 cu·

120 2288 336 2340 mulatus,
369 2302 453 2344 quo
490 2287 532 2328 in
571 2287 731 2330 Italiam
761 2286 999 2342 adveniret,
1044 2304 1064 2329 a
1105 2288 1380 2346 Langobardis
1427 2303 1489 2331 eo·
