1920 2579
333 102 354 125 ο

130 196 286 242 Miseni
316 208 523 250 superare
570 194 856 246 contendunt,
895 194 1099 237 Cumanis
1124 196 1330 238 litoribus
1365 155 1501 252 ιἠῑρζι-

135 260 196 300 cti
228 255 467 297 triremium
495 254 725 309 plerasque
748 284 762 302 ,
801 262 842 292 et
892 254 1061 294 minora
1112 256 1291 311 navigia
1333 259 1500 313 passim

131 316 380 358 amiserunt.
416 312 522 351 Hinc
552 310 794 350 crediderim
833 311 873 350 iu
910 312 1124 351 Misenensi
1181 324 1299 366 portu
1359 325 1499 369 utpote

133 371 304 430 appulsu
338 367 492 409 difficili
532 367 752 408 identidem
790 382 910 408 naves
944 368 1124 422 procellis
1160 370 1374 424 effract353
1414 373 1506 412 hinc

135 433 254 473 etiam
290 429 397 468 hunc
433 427 648 468 ‚Valentem
686 425 798 470 classi
835 426 1084 481 praefectum
1116 439 1212 482 puta
1250 444 1295 469 ex
1345 430 1506 469 naufra-

133 490 199 544 gio
232 489 413 542 ereptum
445 484 643 538 Neptuno
675 483 750 523 deo
784 499 930 537 magno
973 495 1117 525 votum
1165 486 1357 538 solvisse,
1405 486 1504 541 lapi-

134 548 308 601 demque
340 545 451 584 hunc
487 542 676 597 posuisse.
710 542 904 582 Horatius
941 542 1174 582 Misenensis
1208 545 1328 584 maris
1369 545 1506 584 laudat

135 605 296 646 echInos
321 633 334 652 ,
366 603 436 658 qui
469 601 509 640 in
542 600 618 639 hac
647 610 733 640 acta
767 599 1028 655 capiebantur
1059 602 1168 657 Saty.
1203 602 1341 644 lib.II.
1365 610 1391 654 4

250 718 420 762 Murice
460 718 631 758 Baiano
669 715 827 756 melior
854 715 1048 756 Lucrina
1077 717 1275 771 peloris-3

255 780 414 820 Ostrea
450 776 605 818 Circeis
638 775 808 816 Miseno
843 778 1038 823 oriuntur·
1077 775 1235 817 echini.

251 893 382 946 Super
413 892 492 932 hoc
523 892 641 932 litore
674 899 795 930 restat
827 888 961 930 adbuc
992 890 1224 931 aedificium
1256 889 1373 941 illud,
1393 891 1505 947 quod
1519 895 1664 935 Aqufflm
1686 904 1725 920 ae-

132 950 253 1005 vulgo
281 951 431 990 dicitur
462 950 595 990 Cento
635 949 909 989 Camerelle:
945 948 1042 988 haec
1074 950 1216 989 rudera
1251 950 1417 989 fortasse
1450 949 1503 990 ad
1554 931 1681 955 dmcmm'

132 1010 271 1052 villam
304 1008 521 1048 Dictatoris
551 1007 731 1048 Caesaris
765 1008 1061 1059 pertinuerunt.
1095 1006 1156 1046 Ea
1187 1007 1277 1046 villa
1299 1006 1405 1048 litori
1428 1008 1503 1047 iin-

133 1066 340 1117 minebat3
375 1076 496 1106 restat
528 1080 572 1104 ea
603 1063 724 1118 super
757 1076 927 1118 parvum
975 1061 1116 1102 cotlem
1141 1095 1151 1115 ‚
1201 1075 1510 1119 prospectatque

134 1127 342 1167 sinuosum
379 1138 519 1175 mare,
554 1132 593 1162 et
625 1136 733 1161 nunc
766 1121 875 1160 haud
908 1119 1050 1174 procul
1082 1121 1202 1161 distat
1234 1122 1285 1162 ab
1335 1123 1373 1163 S.
1423 1124 1510 1162 An-

133 1197 206 1225 nae
236 1182 387 1237 templo
417 1183 458 1221 i'n
493 1182 582 1236 ipso
614 1178 748 1219 Baulis
782 1180 882 1218 vico.
917 1179 1004 1235 Ipsa
1037 1189 1095 1219 est
1128 1180 1288 1234 penitus
1321 1179 1396 1220 sub
1433 1180 1512 1219 rui-

130 1244 191 1284 nis
216 1271 227 1292 ,
258 1241 389 1280 et-vix
422 1254 550 1296 pauca
582 1238 688 1278 illius
722 1253 811 1293 pars
843 1235 958 1277 nobis
992 1238 1187 1293 pervenit.
1222 1237 1406 1279 Eandem
1437 1253 1510 1277 au-

130 1311 213 1341 tem
245 1297 415 1338 aedificii
449 1299 628 1339 dirutam
663 1306 845 1351 partem,
879 1310 982 1350 quae
1016 1307 1180 1346 manet,
1229 1311 1415 1352 quaeque
1463 1296 1512 1335 ab

129 1356 275 1400 accolis
306 1356 503 1396 salutatur
539 1356 672 1397 Cento
711 1354 986 1404 Camerelle,
1023 1355 1221 1410 quasdam
1252 1354 1368 1394 cellas
1402 1354 1512 1393 vina·

133 1416 236 1466 rias,
269 1413 331 1454 vel
362 1415 526 1455 olearias
556 1413 677 1453 fuisse
709 1412 915 1465 putarim3
947 1413 1248 1467 mancipiorum
1280 1425 1376 1451 vero
1426 1426 1511 1451 car-

134 1487 244 1514 ceres
262 1469 355 1512 'esse
387 1471 487 1511 falso
521 1470 687 1510 tradunt
718 1468 796 1509 alii.
832 1469 937 1508 Sunt
967 1470 1086 1509 etiarn
1120 1471 1192 1525 qui
1223 1469 1360 1509 locum
1396 1468 1510 1508 hunc

135 1530 250 1587 aquis
284 1528 520 1584 recipiendis
555 1528 761 1569 inservisse
795 1527 1105 1568 existimarunt:
1138 1538 1179 1567 at
1195 1537 1514 1581 negantnostra-

134 1599 193 1629 tes
223 1589 407 1627 auctores
427 1618 437 1635 ‚
472 1586 623 1641 qnippe
653 1584 765 1640 quod
799 1595 838 1624 et
869 1583 1042 1626 fabricae
1074 1586 1241 1626 huiusce
1274 1590 1478 1624 structura
1499 1615 1512 1633 ,

134 1657 256 1703 atque
289 1646 418 1686 forma
451 1643 560 1684 haud
591 1658 736 1698 aquam
770 1643 820 1682 ad
852 1644 1137 1683 continendam
1164 1642 1277 1698 potis
1310 1647 1410 1682 erat..
1432 1643 1511 1681 Ve-

134 1715 291 1760 tustum
323 1703 429 1744 idem
461 1700 691 1742 aedificium
726 1702 764 1740 in
798 1703 1113 1756 praesentiarum
1148 1700 1224 1741 sub
1247 1697 1346 1740 terra
1369 1710 1506 1752 restat,

136 1772 175 1802 et
206 1760 301 1802 olim
335 1776 455 1816 supra
487 1760 627 1799 collem
665 1760 814 1798 mirum
848 1760 887 1799 in
912 1759 1080 1800 modum
1105 1769 1400 1799 constructum:
1424 1768 1513 1813 post

137 1820 244 1861 Novi
276 1819 430 1860 Montis
461 1817 818 1871 conflagrationem
849 1816 937 1857 loca
983 1818 1135 1857 isthaec
1183 1818 1296 1857 fuere
1344 1817 1513 1857 omnino

137 1875 309 1919 mutata.
345 1875 580 1916 Hodiedum
616 1873 776 1914 tandem
808 1884 1026 1929 supersunt
1058 1874 1171 1929 plura
1207 1875 1369 1915 ruinosa
1401 1873 1511 1913 cubi-

136 1934 255 1987 cula,
284 1949 462 1991 quorum
497 1948 587 1989 pars
619 1932 876 1976 subterranea
926 1943 1020 1972 sunt
1074 1948 1240 1988 prorsus
1292 1941 1372 1971 tam
1426 1946 1510 1985 per-

137 1993 251 2051 plexa
284 1993 484 2034 ostiorum
519 1991 715 2044 ambage,
753 2000 799 2030 ut
829 1991 914 2030 sine
947 1991 1080 2040 duce,
1113 1990 1276 2046 fixoque
1326 1988 1508 2030 funiculo

135 2062 304 2107 negetur
337 2051 477 2093 exitus.
511 2048 838 2091 Guicciardinius
884 2050 1061 2091 Mercur.
1106 2049 1248 2103 Carup.
1285 2063 1370 2104 pag.
1424 2048 1504 2097 244

136 2111 271 2150 locum
321 2109 442 2148 istum
492 2109 569 2148 hoc
620 2107 742 2147 modo
774 2106 988 2147 describit:
1023 2106 1066 2148 A
1095 2108 1267 2160 piscina
1321 2105 1510 2145 mirabili

136 2167 258 2208 aliud
288 2168 611 2207 subterraneum
650 2165 899 2217 aedificium
934 2180 1022 2217 non
1045 2166 1221 2205 multum
1240 2165 1367 2203 abest.
1391 2163 1503 2204 Cen-

136 2235 178 2266 to
213 2225 449 2266 (tamer-elle
483 2225 677 2279 appellat
716 2225 892 2280 vulgas:
931 2237 1012 2263 nec
1062 2223 1248 2263 iniuria:
1284 2220 1396 2261 adeo
1442 2220 1501 2260 si-

137 2283 309 2342 quidem
346 2282 557 2337 implicato
589 2283 727 2333 calle,
768 2282 1046 2339 conficsisque
1081 2281 1348 2332 tramitibus,
1381 2279 1493 2330 ΔΙιιιο,

256 2339 378 2381 Tom.
414 2339 481 2383 II.
1078 2351 1128 2389 ιφ
