1920 2579
1437 89 1511 131 105

99 154 107 164 ⁶
133 161 362 204 reductum
402 169 588 199 amoeno
619 154 702 197 situ
734 153 898 211 cingit,
945 148 1169 194 desedisse
1210 158 1471 190 terraemota
1495 179 1510 199 ,

132 224 312 262 vexatis
346 229 628 276 quaecunque
665 212 956 263 adiacebant,
1010 209 1255 268 regionibus
1276 238 1288 259 ,
1339 206 1506 248 audivi«

135 292 230 319 mus
266 308 276 318 .
311 308 321 318 .
356 299 365 316 a
401 306 410 315 .
445 278 625 324 „Nonis
652 270 904 314 Februariis
918 270 1011 323 ficit
1025 270 1094 310 hic
1111 277 1280 318 motus,
1323 265 1507 321 Regulo,

135 346 177 377 et
210 335 261 378 V
257 335 414 392 irginio
432 332 550 376 Coss.
584 336 657 389 qui
675 326 967 384 Campaniam
986 342 1208 386 nunquam
1227 338 1424 367 securam
1442 324 1514 363 Ιιιι-

135 395 201 436 ius
234 393 344 434 mali
378 419 388 431 ·
433 422 442 431 .
482 423 492 434 .
536 425 545 434 .
586 395 699 433 Nam
716 397 757 429 et
775 388 1118 431 Herculanensis
1140 384 1381 440 opislipars
1399 386 1508 429 mit,

138 452 349 508 dubieque
384 458 499 491 stant
533 450 679 492 adhuc
709 447 867 499 etiam,
905 463 1015 506 (luae
1046 445 1194 487 relicta
1226 451 1335 483 siant.
1369 441 1513 482 Annos

136 511 293 551 circiter
327 508 468 549 XXII.
504 511 566 551 vel
597 505 762 548 XXIII.
796 516 890 560 post
920 516 1083 550 motum
1117 514 1247 543 terrae
1277 512 1398 555 supra
1432 513 1515 538 me-

135 578 344 612 moratum
373 568 601 623 imperante
631 565 727 605 Tito
759 564 900 606 Flavio
932 561 1169 620 Vespasiani
1202 557 1287 601 filio
1319 567 1403 599 tota
1422 555 1517 596 urbs

136 626 382 669 Vesuvianis
414 627 495 667 ruit
525 625 718 668 flammis.
752 623 848 677 Quo
881 634 1064 681 tempore
1094 619 1278 675 Pompeii
1302 614 1398 658 urbs
1415 628 1516 672 pau-

132 686 175 728 lo
205 694 297 724 ante
330 692 550 726 restaurata
572 716 583 737 ,
617 693 658 725 et
687 680 993 724 Herculaneum
1027 681 1171 722 misere
1203 690 1408 718 corruere.

252 743 476 796 Postquam
509 742 606 784 haec
638 740 722 782 duo
752 739 874 795 opida
902 755 925 780 a
957 740 1089 797 prima
1131 736 1362 780 Vesuviana
1408 745 1504 772 con·

1525 734 1616 759 Vtrum
1631 734 1680 757 dm
1691 732 1746 763 opi-

1525 770 1557 794 da
1579 773 1635 802 post
1657 766 1752 793 confla-

139 801 375 854 flagratione
406 814 539 841 eversa
569 809 663 841 sunt
685 829 697 850 ‚
728 807 767 839 et
797 796 962 841 illorum
993 799 1098 839 cives
1129 793 1267 835 sedem
1295 792 1375 833 alio
1409 803 1500 831 con·
1521 808 1666 839 granonem
1692 802 1747 828 fue-

140 856 352 905 locandam
382 868 609 899 statuerunt
628 890 644 908 ,
680 854 792 896 haud
821 858 996 911 amplius
1027 871 1071 898 ea
1105 852 1331 895 inhabitata
1363 849 1504 898 fuere3

137 913 381 958 crediderim
413 917 474 955 vel
505 916 590 970 ipsa
620 929 668 955 ex
697 913 831 967 aliqua
861 923 979 969 parte
998 943 1013 963 ‚
1050 911 1113 953 vel
1141 910 1394 965 propinquas
1412 907 1519 963 ipsis

140 971 312 1015 urbibus
343 970 457 1012 villas
487 972 539 1013 ab
568 971 658 1027 igne
687 970 872 1011 intactas
891 970 1094 1013 restitisse.
1127 968 1237 1011 Hinc
1284 966 1417 1007 vicina
1460 966 1517 1005 lo-

139 1045 216 1083 ca,
251 1038 291 1070 et
321 1028 399 1069 vici
427 1028 562 1071 adhuc
592 1037 685 1086 post
716 1027 1108 1084 conflagrationem,
1147 1037 1186 1068 et
1216 1023 1397 1081 sequiori
1416 1038 1516 1064 aevo

138 1089 261 1132 etiam
293 1086 514 1130 cohabitati
546 1087 690 1139 fuere3
721 1087 777 1129 ita
808 1088 929 1129 etiam
962 1088 1184 1131 arbitratur
1209 1081 1447 1125 Sanfelicius
1466 1081 1518 1123 de

139 1148 229 1190 Situ
261 1145 406 1205 Camp.
440 1161 531 1204 pag.
565 1160 624 1189 20
654 1147 726 1203 qui
760 1160 819 1187 Slc
849 1145 1018 1188 scribit:
1053 1143 1370 1188 Incendiorzcm
1405 1141 1516 1182 iniu—

140 1206 210 1247 ria
240 1219 364 1248 versa
392 1216 491 1248 sunt
525 1207 569 1248 in
595 1206 734 1247 vicos.
770 1204 829 1246 Re
858 1220 955 1246 sane
985 1221 1079 1248 vera
1110 1205 1257 1246 Florus
1294 1201 1386 1242 loco
1420 1210 1517 1240 ante

140 1265 297 1316 citato,
332 1266 404 1321 qui
434 1279 548 1307 suam
580 1263 833 1307 elucubravit
881 1264 1092 1306 historiam
1127 1260 1339 1304 Hadriano
1389 1259 1520 1315 impe-

139 1332 256 1366 rante
274 1353 285 1374 ‚
317 1332 359 1364 et
387 1324 524 1380 plures
554 1333 650 1381 post
680 1337 811 1365 annos
840 1321 994 1367 Titiani
1023 1322 1146 1373 aevi,
1183 1321 1332 1362 harum
1353 1316 1522 1359 urbium

141 1380 394 1423 mentionem
424 1382 547 1436 facit,
577 1397 675 1423 cum
708 1381 876 1434 scribit,
909 1382 1070 1424 easdem
1090 1395 1165 1423 suo
1185 1389 1370 1434 tempore
1386 1375 1520 1417 adhuc

138 1449 277 1481 extare
296 1470 310 1490 ,
341 1440 403 1481 vel
431 1441 573 1482 saltem
604 1440 858 1498 propinquas
888 1439 1024 1481 adhuc
1054 1439 1169 1480 villas
1201 1452 1285 1479 esse
1301 1434 1518 1477 habitatas.

140 1497 510 1540 Herculanensium
541 1499 692 1540 civium
738 1508 896 1556 partem
932 1498 1149 1557 Neapolim
1197 1494 1400 1548 aufugisse
1446 1506 1520 1533 nos

142 1556 283 1597 edocet
313 1566 496 1599 vetustus
527 1557 629 1614 lapis
650 1588 663 1608 ,
696 1571 819 1614 quem
836 1556 940 1598 infra
959 1556 1179 1603 afferemus
1198 1587 1210 1609 ‚
1243 1552 1408 1596 cuidam
1425 1554 1521 1595 Mu-

141 1614 256 1656 natio
286 1613 458 1656 dicatus.

259 1673 347 1714 Hae
390 1674 514 1727 igitur
560 1671 665 1716 duae
695 1672 816 1716 urbes
845 1683 937 1732 post
981 1674 1066 1716 Titi
1107 1673 1252 1716 aevum
1298 1669 1410 1713 fuere
1449 1668 1524 1715 du}

144 1729 214 1770 bio
264 1731 407 1785 procul
457 1744 596 1772 rursus
627 1732 844 1774 habitatae.
874 1733 958 1786 Qui
991 1733 1100 1775 enim
1130 1732 1219 1774 fieri
1252 1738 1414 1788 poterat
1436 1758 1449 1778 ‚
1472 1736 1519 1768 ut

142 1787 308 1829 illorum
343 1787 696 1831 nobilissimorum
726 1789 953 1845 opidorum
986 1801 1069 1831 tam
1089 1792 1172 1831 cito
1194 1786 1394 1830 memoria
1415 1786 1521 1829 foret

142 1859 312 1902 prorsus
341 1845 586 1888 obliterata?
617 1849 672 1889 Et
701 1861 772 1903 ego
803 1847 844 1889 in
878 1862 969 1890 eam
999 1848 1242 1889 sententiam
1275 1845 1524 1887 descendere

139 1902 253 1946 haud
283 1903 470 1946 dubitavi
492 1919 617 1955 ‚cum
647 1906 790 1948 eadem
821 1915 913 1962 post
944 1906 1031 1949 Titi
1063 1916 1236 1948 aetatem
1266 1904 1404 1946 denuo
1434 1903 1524 1946 fue-

139 1963 225 2004 rint
255 1963 492 2016 nominatae,
524 1972 565 2007 et.
594 1963 772 2006 arbitror
802 1964 888 2020 ipsa
920 1965 961 2005 in
994 1980 1038 2006 ea
1071 1966 1204 2020 prima
1236 1962 1522 2019 conflagratio.-

140 2036 193 2062 ne
223 2020 334 2063 haud
365 2021 518 2076 integra
549 2022 670 2064 fuisse
701 2023 902 2079 conlapsa,
936 2023 1007 2065 sed
1037 2023 1202 2065 illorum
1234 2033 1395 2081 partem
1447 2021 1521 2062 ad-

139 2079 222 2119 huc
254 2080 429 2122 extitisse
459 2090 611 2123 sartam
625 2091 856 2137 tectamque
876 2114 889 2133 ‚
920 2092 990 2123 aut
1020 2081 1162 2124 saltem
1193 2083 1235 2123 in
1265 2091 1379 2139 parte
1412 2094 1519 2123 reae-

140 2136 305 2180 dificata
337 2138 387 2180 ab
418 2138 562 2180 iisdem
591 2142 672 2182 suis
704 2140 891 2196 opidanis
923 2142 1074 2197 patriae
1100 2156 1240 2182 amore
1270 2141 1411 2195 captis.
1427 2139 1521 2180 Hoc

142 2210 239 2261 vero
271 2208 360 2239 tam·
388 2209 546 2240 certum
579 2209 668 2250 est,
702 2209 749 2241 ut
779 2208 871 2256 post
901 2201 1044 2241 Titum
1077 2201 1223 2241 harum
1255 2200 1422 2241 urbium
1444 2213 1521 2239 sae-

143 2268 235 2311 pnus
266 2266 453 2298 occurrat
483 2257 667 2313 mentio,
698 2269 737 2301 et
768 2260 1011 2320 praesertim
1055 2258 1316 2305 Herculanei.
1362 2262 1526 2304 Praeter

260 2315 306 2360 T.
371 2316 412 2362 Ι.
1227 2319 1278 2363 15

1524 843 1577 867 riu:
1588 840 1750 867 cohabitas.
