1920 2579
1577 100 1618 126 xi

261 146 520 190 consentiunt
543 157 638 186 eum
665 152 845 197 veteres,
881 151 970 183 tum
1009 151 1186 182 recentes
1216 139 1411 182 historici.
1432 139 1492 182 Ea
1523 157 1619 186 vero

255 208 296 248 in
326 205 611 248 amoenissimo
646 201 893 259 Campaniae
929 199 1018 240 loco
1058 200 1136 241 fuit
1175 198 1380 241 aedificata
1403 233 1416 251 ,
1450 211 1488 240 et
1513 204 1627 259 quasi

254 264 366 307 mille
391 280 530 324 passus
561 278 583 304 a
629 261 764 302 Tifata
795 268 963 309 monte,
1011 274 1120 300 nunc
1168 269 1299 302 monte
1336 262 1376 300 dt
1409 259 1454 301 S.
1485 263 1626 304 Nicola

255 324 426 376 dissita,
466 334 504 364 et
540 339 561 363 a
592 322 809 363 Vulturno
845 319 1017 361 flumine
1050 318 1133 360 duo
1167 318 1378 371 milliaria,
1416 327 1486 359 cta
1526 323 1627 361 mari

227 382 374 426 =X1V.
407 397 534 438 supra
567 382 677 422 viam
707 380 901 435 Appiam.
934 381 1030 433 Quo
1063 392 1159 419 vero
1191 389 1375 434 tempore
1395 376 1495 419 haec
1528 379 1625 421 urbs

259 441 382 482 fuerit
421 440 584 482 condita
613 471 623 491 ‚
661 437 905 479 dissentiunt
948 438 1100 489 iidem3
1139 437 1309 494 qnidam
1359 448 1498 477 antem
1533 449 1627 480 ante

258 500 433 540 Romam
467 499 639 550 urbem,
675 497 825 554 aliique
850 507 945 554 post
974 495 1052 538 tria
1092 497 1251 538 saecuta
1281 494 1536 538 aedificatam
1585 498 1625 537 in

260 558 499 599 sententiam
522 559 671 600 ierunt.

370 616 550 670 Quinam
584 629 678 657 vero
711 613 825 657 urbis
855 614 1025 656 huiusce
1057 614 1279 668 conditor,
1314 629 1423 655 nnnc
1468 615 1625 656 enucle-

252 674 423 718 andum.
456 678 650 717 Etruscos
684 677 770 730 (ut
800 676 984 732 superius
1015 673 1174 716 dietum
1208 673 1307 729 est)
1344 674 1419 714 hae
1465 674 1632 728 regione

256 734 490 775 dominatos
523 749 630 785 esse,
663 744 703 773 et
734 734 838 773 banc
871 733 1016 774 urbem
1059 732 1292 775 aedificasse
1345 733 1514 789 quidam
1549 749 1629 775 me·

249 964 318 1003 que
346 950 498 988 urbibus
525 948 596 986 fnit
622 949 806 984 dominata
837 947 911 997 ipsa
950 949 1074 997 Capua
1112 950 1341 1000 metropolis.
1386 952 1438 986 Ex
1467 954 1522 989 his
1552 968 1629 991 me-

252 1008 415 1047 moratur
442 999 642 1036 Casilinum
659 1027 668 1045 ,
698 998 834 1035 Calatia
855 1025 867 1042 ,
896 999 1051 1043 Acerra,
1079 998 1196 1035 Atella
1212 1026 1222 1043 ‚
1249 999 1422 1036 Suessula
1442 1029 1452 1046 ‚
1474 1004 1625 1049 Cumae,

249 1064 397 1101 campus
433 1050 622 1095 Stellatis,
670 1059 704 1085 et
740 1049 814 1097 ipse
849 1049 1022 1084 Falernus
1051 1061 1181 1093 mons,
1220 1056 1262 1085 ut
1289 1051 1411 1086 scribit
1461 1053 1630 1091 Ctuerius

250 1096 332 1139 Ital.
359 1103 443 1138 Ant.
468 1100 535 1136 lib.
564 1099 627 1135 Ill.
656 1113 688 1136 c.
719 1100 756 1136 5.
787 1099 883 1135 Hinc
909 1099 1021 1136 etiam
1037 1107 1203 1135 cunctam
1220 1100 1344 1136 Italiae
1356 1109 1492 1150 partem
1516 1117 1635 1153 qnon-

252 1153 335 1189 dam
361 1151 542 1201 possedit,
571 1163 662 1199 quae
689 1151 733 1186 ad
774 1150 960 1200 Rhegium
1002 1150 1123 1199 ipsum
1167 1149 1428 1188 extendebatur
1451 1181 1461 1198 ‚
1502 1167 1633 1205 nempe

253 1215 367 1253 usque
393 1201 436 1237 ad
463 1200 627 1240 Siciliam
655 1201 742 1237 citra
771 1201 945 1237 Pharum.
974 1200 1029 1236 Ex
1065 1213 1139 1251 quo
1181 1200 1262 1238 vide
1300 1215 1411 1252 quam
1458 1204 1634 1242 ditissima

253 1264 288 1290 et
313 1251 561 1302 potentissima
594 1265 633 1288 ea
660 1253 771 1289 fuerit
797 1251 1020 1300 Respublica
1044 1280 1054 1297 ,
1081 1264 1173 1301 quae
1203 1251 1378 1289 Cumanis
1398 1281 1408 1298 ,
1444 1254 1593 1292 Sabinis
1626 1286 1636 1301 ‚

250 1311 284 1340 et
309 1303 480 1340 Romanis
506 1303 593 1351 ipsis
617 1302 754 1340 bellum
783 1303 915 1339 inferre
958 1309 1011 1338 est
1038 1315 1134 1338 ausa.
1172 1302 1298 1339 Livius
1326 1304 1392 1341 lib.
1422 1305 1487 1341 lv.
1529 1321 1559 1343 c.
1593 1320 1634 1344 10

251 1355 335 1393 haec
364 1352 409 1390 de
435 1353 592 1403 quodam
632 1352 749 1389 Gneio
783 1352 906 1402 Magio
944 1353 1114 1390 Atellano
1141 1354 1288 1390 scribit:
1332 1355 1572 1408 Servitiaqzce
1602 1367 1636 1393 et

252 1403 392 1449 plebem
415 1407 619 1452 promiscue
647 1403 818 1448 arma-bat
838 1431 847 1449 ,
877 1410 915 1439 ut
941 1412 1067 1447 castra
1095 1405 1267 1441 Romana
1301 1406 1506 1444 inraclerei‘.
1537 1408 1634 1444 Hinc

251 1452 436 1491 ‘Ausonius
463 1453 550 1489 haec
578 1454 622 1490 de
651 1454 774 1505 Capua
806 1454 938 1490 cecinit
965 1455 1008 1491 de
1037 1456 1082 1491 cl.
1111 1456 1192 1490 urb.
1209 1456 1273 1491 VI.

452 1503 538 1540 Nee
565 1504 733 1552 Capuam
756 1505 890 1554 pelago
907 1532 919 1548 ‚
947 1506 1119 1555 cultuque
1137 1534 1147 1551 ‚
1173 1518 1349 1556 penuque
1372 1515 1557 1557 potentem

450 1555 604 1590 Deliciis
627 1581 637 1598 ‚
666 1556 792 1604 opibus
812 1583 822 1600 ,
838 1554 1024 1605 famaque
1048 1559 1172 1606 priore
1200 1557 1325 1594 silebo,

254 1608 309 1644 Ex
338 1606 472 1656 quibus
500 1608 654 1642 narratis
681 1606 765 1644 vide
793 1619 928 1656 quaeso
966 1619 1148 1656 quaenam
1191 1620 1273 1643 cum
1302 1609 1494 1646 hominum
1514 1639 1522 1655 ‚
1554 1619 1631 1646 tum

256 1669 464 1707 camporum
491 1656 602 1692 suerit
633 1657 775 1694 ubertas
800 1685 809 1702 ,
841 1667 879 1693 ut
907 1657 1090 1694 Hannibal
1115 1657 1208 1695 hanc
1236 1660 1363 1696 urbem
1404 1661 1547 1711 imperii
1576 1673 1633 1696 ca-

257 1715 322 1755 put
352 1705 578 1745 statuendam
606 1707 813 1757 designarit.

353 1756 409 1791 Ex
438 1763 490 1790 tot
518 1769 557 1790 ac
588 1759 697 1794 tantis
726 1759 992 1806 Campanorum
1023 1759 1156 1796 divitiis
1204 1761 1238 1795 in
1269 1767 1406 1797 tantam
1456 1761 1635 1797 vitiorum

257 1805 446 1842 colluviem
484 1807 615 1840 sensim
653 1808 744 1842 cives
789 1808 878 1843 adeo
907 1810 1113 1858 irrepsere,
1145 1816 1185 1844 ut
1226 1811 1400 1859 temporis
1438 1824 1632 1860 progressu

258 1855 402 1891 illorum
431 1856 708 1903 intemperantia
735 1869 776 1893 eo
805 1861 1010 1906 pervenerit
1030 1886 1039 1902 ,
1065 1869 1107 1894 ut
1135 1865 1287 1895 cunctae
1311 1867 1434 1909 gentes
1457 1862 1492 1896 in
1523 1861 1632 1896 Cam-

256 1918 433 1955 panorum
461 1904 641 1941 luxuriam
670 1906 932 1944 declavmarint:
961 1908 1046 1945 hinc
1076 1908 1119 1945 ad
1147 1910 1230 1945 vitia
1261 1918 1390 1946 cuneta
1411 1912 1552 1947 animos
1573 1912 1634 1947 ad-

255 1957 383 1999 dixere,
401 1963 436 1992 et
461 1956 619 2002 sequiori
646 1968 733 1992 aevo
760 1958 796 1992 in
826 1960 993 1994 morbum
1021 1961 1221 2008 pessimum
1244 1960 1634 2012 ineiderunthz'mpa-

254 2020 335 2042 num
364 2007 473 2055 vulgo
502 2004 640 2042 dictum
663 2035 673 2052 ,
705 2008 992 2049 cuiuslloratius
1020 2011 1187 2046 meminit
1224 2011 1345 2057 Satyr.
1376 2012 1440 2048 tib.
1471 2012 1535 2048 1V.
1569 2013 1630 2049 ubi

255 2058 369 2100 rixam
395 2054 570 2100 ,describit
597 2069 802 2094 scurrarum
822 2059 1013 2100 ,Sarmenti
1034 2088 1044 2103 ,
1073 2071 1108 2096 et
1139 2053 1303 2105 Cicerri}

405 2135 413 2142 .
471 2135 478 2144 .
539 2131 548 2140 ·
605 2135 614 2144 .
746 2137 753 2145 .
809 2116 848 2144 at
875 2111 928 2145 illi
940 2111 1065 2161 foeda
1090 2112 1259 2149 cicatrix

400 2159 571 2195 Setosam
597 2158 873 2211 lezewijrontem
898 2162 1111 2210 tm'paiverat
1138 2166 1211 2198 oris

399 2210 631 2260 ‘Campanum
658 2212 695 2245 in
722 2210 898 2248 morbum.

252 2258 342 2297 Vide
370 2260 405 2296 in
433 2260 531 2299 hunc
552 2262 672 2299 locum
690 2260 839 2299 doctum
854 2262 1072 2300 Lambinum
1093 2265 1288 2302 Horatium
1307 2273 1628 2304 commentantem.

1260 2318 1282 2341 x
