1920 2579
188 180 369 232 radices,
405 176 460 220 uti
504 182 637 217 narrat
676 169 926 213 Gesualdius
944 176 1085 212 contra
1121 169 1230 210 Prat·
1267 183 1304 211 c.
1341 183 1355 211 1
1380 186 1468 228 pag.
1490 179 1561 227 34,

190 241 358 281 Adhaec
390 236 559 294 quidam
584 229 875 286 triumphalem
899 229 987 270 heic
1020 243 1160 270 arcum
1182 229 1420 285 Sempronii
1441 233 1562 275 Atra.

186 300 262 339 tini
297 297 393 339 olim
431 309 524 334 cum
562 289 795 346 Serapidis,
827 299 866 328 et
897 287 984 328 Iani
1014 285 1330 344 aede,aliisque
1365 288 1559 335 hucilluc

187 357 332 414 sparsis
383 349 634 408 antiquitatis
670 345 886 403 ruderibus
923 344 1077 399 fuisse,
1119 355 1166 386 ut
1207 345 1513 402 aquaeductum
1541 383 1552 403 ‚

185 425 223 455 et
256 416 436 454 thermas
485 407 713 449 aedificatas
748 405 946 446 scribunt·
988 404 1149 446 Caietae
1181 419 1277 448 vero
1316 416 1460 460 portus
1507 410 1557 450 ab

183 472 365 528 antiquis
396 467 583 510 laudibus
621 474 865 515 exornatur,
919 473 958 503 et
989 463 1209 517 praecipue
1241 479 1262 504 a
1303 463 1445 505 Tullio
1479 482 1553 522 pro

184 529 267 584 lege
297 528 434 570 Manil.
469 542 506 567 n·
544 537 606 567 12.
640 523 711 564 An
741 520 943 581 ignoratis
965 530 1127 578 portum
1159 520 1326 563 Caietae
1381 525 1557 568 celeber-

184 590 323 630 rimum
359 597 480 643 atque
522 585 792 641 plenissimum
842 582 1041 623 navium?
1074 580 1186 619 Haec
1217 591 1354 622 autem
1413 585 1509 625 urbs
1545 616 1558 635 ,

184 662 319 688 eversa
354 649 638 686 Romanorum
670 642 835 682 fortuna
856 671 868 691 ,
900 640 1005 680 sicut
1036 648 1076 679 et
1107 637 1183 678 alia
1206 637 1455 695 Campaniae
1472 643 1559 699 opi.

184 705 237 745 da
269 705 308 744 in
343 703 615 743 Barbarorum
662 714 806 740 manus
847 697 1109 747 inciderunt,
1146 698 1362 753 praecipue
1398 702 1562 756 Lango-

184 760 409 803 bardorum
435 791 448 811 ,
483 760 554 814 qui
593 757 777 812 pluribus
812 757 928 797 annis
966 755 1168 796 dominati
1217 755 1362 796 fuere:
1408 769 1562 814 postre-

185 815 254 861 mo
282 833 393 860 nunc
429 820 467 858 iu
507 830 630 856 unam
652 845 666 865 ,
705 828 814 855 nunc
846 815 886 853 in
910 812 1026 853 aliam
1045 812 1230 869 pervenit
1264 828 1448 856 manum.
1473 817 1561 859 Ho-

185 877 352 918 diedum
402 874 660 929 Neapolitani
697 872 808 925 regni
841 887 914 911 arx
964 870 1272 920 munitissima,
1319 883 1360 913 et
1407 890 1562 930 propu-

183 933 401 987 gnaculum
443 931 708 970 fortissimum
742 929 1023 978 existimatur,
1060 939 1249 982 quaeque
1282 929 1418 984 longas
1466 935 1560 988 plu-

184 992 261 1031 ries
292 989 521 1031 obsidiones
552 986 631 1027 fuit
662 1000 787 1042 passa.

300 1048 395 1090 Non
428 1060 573 1104 parum
606 1045 656 1086 ab
690 1044 829 1085 Caieta
860 1045 1006 1102 nempe
1039 1040 1239 1084 sexdecim
1273 1044 1330 1086 M.
1369 1050 1414 1088 P.
1464 1058 1502 1090 et
1536 1063 1558 1089 a
1630 1057 1728 1086 Fundi,

190 1107 254 1148 via
291 1107 423 1163 Appia
458 1120 604 1146 novem
638 1114 735 1145 sunt
767 1103 937 1154 Fundi,
969 1116 1080 1145 nunc
1127 1099 1292 1156 Fondi,
1325 1121 1451 1162 quam
1500 1122 1567 1149 ur-

186 1164 279 1206 bem
313 1165 363 1205 ab
399 1163 577 1205 Hercule
608 1161 877 1213 aedificatam,
915 1177 1010 1203 cum
1042 1160 1224 1202 Caecum
1257 1164 1460 1207 latronem
1492 1181 1563 1208 ne-

138 1219 145 1224 *
186 1224 323 1276 cavit,
355 1223 461 1264 fama
494 1233 566 1264 est.
598 1224 655 1263 At
689 1232 830 1262 utrum
862 1221 914 1263 ab
944 1217 1123 1264 Hercule
1139 1234 1193 1261 an
1210 1221 1262 1262 ab
1279 1223 1357 1265 alio
1387 1226 1438 1265 sit
1470 1239 1564 1266 con-

188 1281 271 1323 dita
292 1312 308 1333 ,
344 1280 457 1325 litem
489 1279 658 1323 eruditis
692 1279 986 1323 enucleandam
1020 1277 1307 1335 relinquimus.
1341 1282 1448 1325 Illud
1480 1297 1556 1341 pro

190 1350 301 1381 certo
339 1352 399 1382 est
429 1356 451 1383 a
484 1341 678 1381 Patavino
711 1339 910 1393 historic-,9
960 1337 1236 1395 Municipium
1279 1342 1474 1394 evasisse,
1512 1351 1557 1382 ut

188 1398 327 1439 scribit
358 1399 426 1441 lib.
466 1398 708 1441 XXXVIII.
745 1413 779 1438 c.
815 1402 882 1440 36.
934 1396 1156 1440 Frontinus
1187 1399 1255 1439 lib.
1300 1400 1350 1441 de
1398 1402 1484 1443 Col.
1520 1402 1561 1442 in

181 1455 356 1497 eandem
389 1458 532 1499 urbem
571 1456 787 1502 Coloniam
825 1457 1045 1507 deductam
1082 1471 1164 1496 esse
1198 1457 1265 1498 ait.
1299 1459 1366 1499 Ad
1425 1463 1559 1502 Auso-

191 1529 261 1556 nes
294 1515 392 1556 urbs
428 1516 526 1556 haec
559 1515 657 1557 olim
690 1515 920 1570 pertinuit,
952 1525 991 1558 et
1023 1517 1128 1556 male
1150 1530 1172 1555 a
1194 1516 1439 1571 quibusdam
1479 1521 1560 1560 Ma-

185 1586 372 1614 murrum
413 1575 584 1631 opidum
622 1573 724 1632 (1)
758 1583 898 1615 ortum
946 1573 1156 1626 creditur-3
1195 1576 1381 1630 quamvis
1429 1577 1557 1633 ipsam

283 1776 339 1824 (ι)
365 1776 477 1812 Miror
505 1777 671 1826 equidem
699 1780 897 1829 patriorum
925 1788 1112 1818 anctorum
1141 1789 1276 1831 partem
1317 1792 1460 1832 putasse
1498 1800 1556 1823 su-

183 1838 244 1872 pra
274 1825 454 1861 laudatam
482 1828 705 1862 Mamurram
734 1830 860 1865 urbem
887 1829 974 1865 olim
1000 1830 1154 1866 Formiis
1192 1833 1431 1882 propinquam
1472 1836 1559 1871 fuis-

181 1886 246 1915 se3
271 1875 369 1923 quod
395 1876 540 1925 quidem
570 1877 801 1913 falsissimum
830 1885 909 1920 est,·
937 1892 977 1916 ea
1005 1881 1092 1916 urbs
1120 1880 1216 1916 haud
1247 1896 1407 1931 unquam
1431 1886 1557 1922 extitit.

182 1923 391 1961 Venusinus
421 1936 514 1961 vates
543 1925 578 1960 id
606 1940 668 1962 nos
696 1929 787 1963 clare
814 1927 970 1973 docuit,
1001 1937 1040 1965 ut
1066 1943 1106 1966 ex
1133 1931 1254 1980 Satyr.
1269 1932 1312 1967 V.
1328 1932 1391 1968 lib.
1408 1934 1438 1969 l.
1462 1948 1491 1971 v.
1509 1937 1556 1981 34

182 1973 367 2023 colligitur
389 2004 400 2020 ‚
433 1977 492 2011 ubi
523 1977 590 2011 iter
616 1977 870 2013 Brundusium
900 1991 1013 2028 usque
1041 1980 1210 2017 describit
1236 1995 1343 2031 super
1370 1986 1551 2035 Appiani:

279 2025 427 2062 Fundos
453 2026 598 2073 Aufidio
626 2026 744 2063 Lusco
767 2035 941 2075 praetore
969 2029 1124 2066 libenter

276 2073 487 2126 Linquirtzus
511 2104 520 2121 ,
550 2078 668 2112 insani
694 2078 854 2114 ridentes
874 2081 1046 2126 praemia
1073 2080 1227 2117 scribae.

276 2125 525 2161 Praetextam
541 2154 551 2170 ‚
580 2135 616 2162 et
641 2128 752 2163 latum
780 2129 922 2165 clavum
938 2156 948 2172 ‚
970 2143 1186 2180 prunaeque
1214 2131 1390 2172 batillum.

276 2175 323 2210 In
348 2177 624 2213 Mamurrarum
651 2178 739 2212 lassi
762 2178 897 2214 deinde
923 2179 1012 2217 urbe
1039 2193 1233 2219 manemus.

179 2225 248 2260 Per
277 2225 555 2262 Mamurrarum
583 2228 800 2264 vocabulum
826 2229 919 2265 nihil
959 2230 1059 2267 aliud
1096 2231 1174 2268 heic
1215 2235 1406 2280 innuitur,
1446 2251 1556 2286 quam

177 2275 381 2325 Mamurrae
407 2277 545 2324 {amilia
566 2305 576 2325 7
601 2287 636 2315 et
662 2291 750 2329 gens
769 2306 780 2327 ,
810 2292 903 2334 quae
929 2278 1081 2325 Formiis
1109 2290 1195 2323 etat.
1224 2284 1313 2323 Fuit
1339 2293 1456 2338 autem
1499 2288 1557 2326 hic
