1920 2579
218 176 278 209 tas
299 197 310 216 ‚
343 173 388 207 ut
418 161 561 220 colligi
593 170 727 219 potest
759 176 805 203 ex
839 159 929 204 aliis
963 156 1171 218 lapidibus
1219 173 1242 200 a
1288 157 1475 216 Capacio
1527 115 1596 199 ad9-

217 225 352 269 ductis
384 224 455 266 lib.
491 223 544 263 II.
580 238 614 264 c.
650 224 718 273 24.

332 285 565 325 Suntrvero
597 280 666 337 qui
702 278 915 330 scribunt,
952 278 1201 321 Puteolanos
1219 274 1411 318 habuisse
1432 274 1599 318 eosdem

216 342 476 397 magistratus
499 371 510 389 ,
544 348 584 381 et
616 340 776 381 cultum
796 369 807 389 ‚
843 354 890 381 ac
925 336 1221 394 Neapolitanos
1250 367 1263 386 ,
1292 344 1332 378 et
1365 338 1595 386 Cumanos,

217 417 315 443 cum
347 399 530 442 eiusdem
562 407 696 440 essent
729 397 918 454 originis.
951 397 1171 439 Hebonem
1202 396 1330 438 etiam
1379 395 1602 436 Puteolani

216 461 386 502 coluere
420 458 544 501 deum
565 489 577 508 ,
611 472 736 513 quem
770 457 1036 513 Neapolitani
1068 455 1214 497 eodem
1248 453 1603 511 prosequebantur

217 518 366 561 studio.
399 518 457 559 lbi
491 518 660 573 insuper
692 516 888 557 Consulis
913 547 923 568 ‚
952 524 1074 573 atque
1105 513 1331 556 Demarchi
1355 512 1424 568 (1)
1446 514 1603 554 mentio

218 577 436 626 occurrit,
469 593 516 620 ac
551 575 638 617 fieri
672 575 836 632 potuit,
871 584 915 616 ut
947 588 1029 632 quo
1063 583 1250 630 tempore
1283 572 1477 614 Puteolos
1523 572 1603 614 Co·

218 637 331 679 lonia
362 635 438 676 fuit
470 632 674 681 deducta,
709 632 944 676 Archontes
976 632 1191 682 desierint,
1207 640 1255 673 et
1289 630 1492 672 Consules
1510 646 1606 673 cum

222 694 466 738 Demarcho
499 692 837 736 administrarint.
871 693 987 748 Quin
1021 691 1071 734 ad
1102 690 1211 734 hanc
1246 704 1374 747 usque
1428 699 1605 731 aetatem

219 753 384 796 Puteoli
418 753 577 795 Graeca
610 751 761 794 fuerint
793 751 891 793 urbs
914 782 927 802 ‚
958 765 1082 792 nemo
1114 758 1176 791 est
1209 749 1280 805 qui
1317 748 1489 790 dubitat.
1507 748 1600 806 Ipsa

220 813 332 855 enim
366 826 463 853 cum
496 810 648 854 Graiae
684 819 789 851 esset
820 808 994 866 originis
1015 840 1028 860 ‚
1062 819 1103 850 et
1131 807 1422 849 Cumanorum
1461 810 1606 850 navale

224 869 430 926 opidum,
462 869 694 912 subsecutis
733 868 1023 925 temporibus,
1067 865 1243 909 Romani
1288 867 1466 921 longum
1513 876 1607 922 post

219 938 382 984 tempus
416 929 527 969 urbis
560 927 836 969 delectatione
869 927 1007 982 capti,
1042 924 1098 966 ibi
1131 939 1224 966 suas
1256 923 1443 981 figendas
1484 924 1603 966 sedes

216 995 411 1027 statuere.
445 987 556 1027 Hinc
590 985 744 1026 sensim
776 984 875 1026 urbs
910 985 1098 1026 Romana
1129 982 1272 1025 effecta
1295 1015 1307 1033 ‚
1338 982 1484 1025 relicto
1508 984 1608 1026 Gra·

214 1044 255 1085 io
286 1042 482 1085 idiomate
505 1075 515 1095 ‚
549 1042 718 1085 mutatis
750 1042 959 1093 moribus,
1008 1050 1050 1084 et
1098 1041 1423 1098 magistratibus.
1476 1043 1598 1084 Hane

214 1117 303 1144 rem
336 1103 512 1144 evenisse
545 1111 637 1159 post
680 1101 911 1144 secundum
956 1100 1161 1143 Punicum
1210 1099 1365 1142 bclium
1420 1100 1609 1143 scribunt

216 1161 423 1203 nonnuHL

330 1222 471 1279 Atque
504 1219 604 1262 haec
635 1219 730 1262 satis
763 1218 903 1278 quoad
922 1217 1193 1263 Puteolorum
1210 1226 1368 1278 spectat
1390 1216 1604 1275 originem.

234 1898 1244 1916 *Q

318 1970 379 2027 (ι)
404 1969 593 2008 Demarchi
614 1998 624 2016 ‚
651 1971 829 2021 Δήμαρχοι
857 1973 1009 2012 Athenis
1037 1976 1236 2015 veniebant
1264 1979 1315 2016 illi
1346 1983 1575 2032 magistratus

215 2024 280 2078 qui
307 2022 462 2070 singulis
485 2024 616 2073 pagiS,
645 2022 776 2066 Δῆμοιε
801 2034 1001 2073 praeerant.
1031 2025 1206 2076 Sigonius
1247 2029 1291 2067 de
1331 2033 1425 2082 Rep.
1462 2014 1598 2074 Athen:

216 2072 281 2132 lib.
315 2085 346 2108 1.
375 2085 406 2108 c.
438 2087 458 2109 α
486 2074 536 2111 sic
583 2074 721 2111 docet:
758 2075 921 2123 Populos
963 2079 1179 2126 iampridem
1216 2082 1382 2130 appello,
1422 2097 1514 2134 quos
1551 2088 1607 2123 dli

216 2125 342 2165 ὸῆμουε
366 2132 550 2161 vocarunt
563 2139 575 2169 ‚-
604 2137 695 2175 quos
722 2127 753 2160 si
779 2129 834 2161 rei
858 2129 1037 2170 rationem
1064 2131 1302 2168 attendamus
1322 2161 1332 2179 ‚
1361 2137 1453 2170 vicos
1479 2139 1604 2185 appel-

217 2174 294 2210 lare
321 2187 394 2211 non
419 2176 645 2213 incommode
658 2175 829 2226 sortasse
853 2182 1038 2226 possimus.
1070 2182 1276 2218 Dematehi
1311 2185 1410 2233 apud
1451 2186 1600 2223 Latinos

218 2227 358 2261 nomine
384 2228 480 2262 venit
502 2256 513 2274 ,
537 2239 717 2278 pagorum
744 2230 938 2278 magister,
957 2228 1026 2268 'ille
1051 2232 1189 2269 scilicet
1211 2260 1223 2279 ,
1252 2237 1316 2284 qui
1341 2237 1379 2271 in
1414 2240 1518 2285 paois
1547 2241 1603 2276 im

218 2274 409 2312 reddebat.
1462 2267 1485 2286 Ο

342 2326 389 2369 Τ.
424 2328 494 2373 ΙΙ.
1221 2348 1250 2376 2
