1920 2579
313 171 401 223 242

313 245 433 272 curae
464 238 548 270 erat
582 227 666 270 vias
699 224 949 271 restaurare.
986 227 1244 286 Pomponius
1278 229 1347 272 lib.
1410 243 1441 270 1.
1490 245 1522 272 c.
1570 246 1607 273 2.
1659 233 1711 275 de

315 287 410 343 ipsis
457 288 512 328 sic
559 287 778 343 loquitur:
833 287 1012 330 Eodem
1062 297 1256 345 tempore
1289 299 1330 330 et
1361 290 1569 331 constituti
1609 303 1710 334 sunt

317 346 646 404 Quatuorviri,
679 345 756 404 qui
789 361 940 389 curam
972 347 1144 388 viarum
1190 357 1404 406 gererent.
1463 347 1594 389 Varro
1649 350 1697 394 L.

313 407 361 447 L.
393 405 461 445 lib.
498 405 570 445 lV.
605 419 643 446 c.
682 418 717 447 1.
749 405 929 449 eosdem*
964 405 1187 449 Vz'ocuros
1226 406 1437 461 appellat,
1472 408 1566 461 qnia
1617 408 1700 448 illa-

313 481 401 505 rum
440 478 583 503 curam
617 462 842 506 habebant.
879 466 935 506 At
965 465 1006 505 hi
1059 466 1312 518 magistratus
1347 480 1439 505 cum
1480 465 1569 505 urbi
1617 467 1698 507 Ro-

311 539 398 564 mae
424 554 435 573 ,
468 521 675 563 suburbiis
699 553 711 572 ,
746 521 916 579 aliisque
955 522 1097 564 vicinis
1134 523 1230 563 locis
1267 521 1376 562 haud
1425 522 1695 576 sufficerent,

310 583 374 623 alii
407 582 492 622 duo
527 580 672 620 adiecti
711 580 828 623 fuere
850 611 862 631 ,
895 582 948 622 ita
983 591 1029 621 ut
1065 579 1188 621 iidem
1226 580 1405 621 VIVIRI
1441 581 1595 623 fuerint
1633 582 1695 622 di-

307 643 375 680 cti.
412 640 575 680 Horum
610 637 774 680 duobus
806 654 928 680 curae
966 649 1051 680 erat
1089 649 1199 679 extra
1234 639 1489 694 pomoerium
1527 643 1613 681 vias
1650 643 1703 682 si-

306 696 450 739 licibus
484 707 692 747 sternere,
726 708 772 738 ut
803 696 1006 753 colligitur
1052 711 1100 737 ex
1151 696 1285 737 Dione
1332 696 1403 737 lib.
1459 697 1572 738 LIV.
1610 700 1693 740 Alii

308 767 487 812 quatuor
519 755 779 809 magistratus
812 756 923 796 iuxta
955 755 1165 797 Graecum
1195 763 1402 796 auctorem
1440 770 1581 795 curam
1617 757 1690 797 ha-

306 816 456 857 nebant
488 813 735 868 Campaniae
769 814 851 854 vias
886 812 1106 855 reficiendi.
1158 812 1406 863 Huiusmodi
1446 829 1594 855 munus
1626 831 1691 857 ex-

304 874 499 915 ercebant
530 872 604 913 viri
639 871 690 913 de
727 871 935 928 republica
967 871 1073 912 bene
1107 871 1256 912 meriti.
1292 872 1354 912 Ex
1406 872 1587 927 quodam
1616 889 1688 915 an-

305 934 422 988 tiquo
457 944 662 972 marmore
709 941 970 985 compertum
1023 929 1254 981 habemus,
1288 940 1474 970 senatum
1520 933 1702 988 Impera·

307 992 409 1033 toris
441 988 606 1030 Traiani
650 991 765 1031 iussu
808 988 1010 1045 triumphi
1046 997 1285 1030 ornamenta
1316 988 1478 1029 cuidam
1511 991 1700 1034 statuisse

305 1049 591 1103 Quatuorviro
616 1077 629 1097 ,
673 1046 786 1104 quod
819 1062 973 1089 munus
1003 1057 1115 1088 recte
1146 1046 1404 1089 exercuisset.
1459 1046 1512 1087 Hi
1565 1058 1703 1091 autem

306 1107 569 1162 magistratus
602 1116 717 1145 erant
753 1106 932 1157 incerti,
969 1119 1103 1160 neque
1135 1105 1197 1146 sui
1218 1105 1397 1146 muneris
1433 1116 1597 1162 tempus
1627 1108 1700 1149 ha-

302 1165 455 1207 bebant
486 1173 676 1216 certum;
708 1173 750 1203 at
781 1163 970 1218 Augusto
1017 1163 1280 1217 imperitante
1328 1173 1493 1220 tempus
1550 1166 1695 1208 iisdem

301 1224 380 1265 fuit
409 1222 678 1276 adsignatum.
714 1221 848 1262 Huius
880 1220 938 1262 rei
969 1220 1158 1261 meminit
1189 1220 1455 1276 Tranquillus
1510 1222 1553 1263 in
1600 1224 1685 1265 cius

301 1283 402 1324 Vita
434 1296 469 1322 o.
502 1284 571 1333 37.
604 1279 684 1321 hoc
717 1277 878 1320 modo:
909 1277 1042 1321 Nova
1077 1279 1230 1331 officia
1262 1280 1570 1336 excogitavit,
1601 1296 1675 1322 czt-

302 1355 393 1383 r-am
424 1353 599 1393 operum
643 1338 945 1392 publicorum,
994 1336 1168 1378 viarum
1193 1367 1206 1386 ,
1259 1351 1475 1393 aquarum
1508 1368 1522 1387 ,
1563 1340 1684 1380 alvei

306 1399 499 1449 Tiberis,
538 1405 616 1438 cet.
654 1396 710 1436 Hi
741 1394 911 1452 quidem
941 1395 1080 1449 magni
1109 1393 1236 1434 habiti
1269 1395 1308 1434 in
1344 1394 1555 1452 republica
1599 1398 1686 1438 fue-

304 1473 378 1511 re,
413 1464 641 1510 eorumque
671 1455 890 1495 auctoritas
922 1467 1005 1495 non
1040 1452 1173 1495 solum
1207 1453 1361 1494 Romae
1382 1484 1394 1501 ‚
1427 1468 1569 1495 verum
1607 1457 1683 1495 eti·

314 1531 381 1556 am
412 1514 454 1555 in
492 1524 578 1555 toto
611 1512 797 1554 Romano
829 1512 1005 1571 Imperio
1037 1511 1340 1553 extendebatur.
1360 1510 1512 1553 Plinius
1544 1512 1616 1556 lib.
1639 1514 1687 1557 V.

314 1576 430 1631 epist.
475 1573 524 1615 15
557 1570 762 1628 quendam
793 1582 994 1613 memorat
1024 1569 1292 1621 Tertullum,
1328 1585 1425 1611 cum
1454 1585 1538 1626 quo
1570 1573 1687 1613 laeta-

314 1643 414 1684 tur,
451 1630 564 1688 quod
597 1643 754 1671 novum
793 1630 872 1671 hoc
902 1644 1054 1671 munus
1086 1629 1161 1683 ipsi
1193 1628 1333 1670 datum
1364 1639 1492 1669 esset:
1525 1629 1683 1671 Reces—

314 1705 460 1734 seram
492 1689 532 1730 in
569 1692 882 1743 municipium,
920 1702 1019 1729 cum
1051 1686 1159 1727 mihi
1185 1688 1416 1728 nuntiatum
1449 1696 1508 1727 esc
1530 1722 1543 1739 ,
1579 1692 1678 1730 Cor-

314 1759 461 1791 nutum
514 1745 751 1788 Tertullum
779 1747 1004 1802 accepisse
1025 1746 1119 1789 viae
1149 1745 1357 1786 AEmilz'ae
1391 1759 1558 1787 curam.
1579 1745 1683 1788 Ex-

305 1808 497 1864 primere
533 1819 622 1846 non
648 1818 858 1860 possum,
894 1813 1055 1862 quanto
1095 1803 1178 1844 sim
1197 1804 1357 1861 gaudio
1392 1805 1598 1861 affectm,
1633 1814 1675 1846 ec

309 1867 475 1923 ipsius,
509 1874 548 1905 et
586 1877 682 1905 meo
715 1868 903 1906 nomine.
939 1863 994 1904 Hi
1024 1861 1281 1917 magistratus
1315 1863 1469 1918 populo
1503 1862 1680 1904 maxime

310 1926 482 1982 pergrati
517 1922 656 1974 fuere,
689 1923 719 1963 si
756 1923 834 1965 vias
864 1921 979 1972 illas,
1009 1935 1185 1978 quarum
1232 1935 1328 1962 cura
1368 1920 1512 1962 iis-dein
1551 1931 1669 1971 erat,

312 1983 394 2024 suis
420 1982 613 2039 impensis
643 1981 752 2024 silice
791 1980 1034 2022 stravissent.
1076 1978 1185 2022 Hine
1237 1980 1387 2021 mirum
1439 1978 1548 2020 haud
1591 1995 1674 2021 esse

312 2041 461 2093 debet,
493 2041 524 2081 si
564 2041 733 2084 vetustis
772 2039 814 2080 in
849 2039 1122 2081 marmoribus
1153 2053 1268 2092 saepe
1307 2049 1582 2081 memoratum
1615 2053 1680 2077 re-

313 2100 493 2154 perimus
517 2131 530 2150 ,
568 2096 645 2139 DE
679 2099 789 2140 SVA
823 2097 1074 2140 PECVNIA
1104 2096 1267 2139 FECIT
1287 2128 1300 2147 ‚
1339 2098 1411 2138 DE
1444 2096 1554 2138 SVA
1596 2094 1683 2135 PE·

314 2156 493 2199 CVNlA
539 2155 880 2199 FACIENDVM
923 2155 1194 2198 CVRAVIT.

102 2223 204 2266 swam
232 2225 314 2268 silici.
432 2216 668 2271 Antequam
698 2229 868 2256 manum
905 2213 956 2255 de
1000 2214 1174 2265 tabula,
1229 2213 1342 2254 iuvat
1390 2211 1477 2252 heic
1524 2210 1678 2268 aliquid

101 2268 155 2318 iiis
176 2264 527 2330 {ffg'ssesssffjappingcre
558 2272 671 2329 quod
702 2274 889 2329 antiquas
919 2272 1132 2314 muniendi
1163 2271 1245 2312 vias
1280 2286 1402 2312 nsum
1434 2281 1598 2326 spectat.
1646 2270 1679 2310 I-

101 2336 195 2361 ¹¹'¹“⁰²·
318 2332 476 2374 sidorus
508 2332 619 2387 Orig.
653 2330 721 2375 lib.
754 2332 854 2375 XV.
887 2345 923 2375 e.
962 2332 1028 2383 16.‚
1059 2330 1408 2384 Carthaginienses
1450 2337 1635 2372 autumat
1666 2358 1679 2380 ,
