1920 2579
365 72 443 112 160

358 131 484 180 Anto,
522 120 589 168 erc}
625 124 739 167 Baia.
777 121 843 164 Ex
876 121 955 165 hoc
1004 120 1229 179 Pellegrinii
1279 115 1526 167 testimonio
1570 124 1726 182 liquido

364 187 552 236 eruitur,
587 183 723 241 ipsum
755 196 905 223 novam
939 182 1043 222 hanc
1063 183 1206 223 urbem
1236 179 1327 222 Νέαν
1355 180 1468 228 mliv
1486 183 1595 242 apud
1617 186 1729 226 Baias

362 243 611 293 collocasse,
647 243 715 283 cui
745 240 936 296 equidem
967 239 1144 283 maxime
1176 241 1391 285 adsentior.

482 301 548 341 Ex
579 300 687 342 hisce
715 300 838 355 igitur
868 308 960 340 ante
995 299 1112 340 dictis
1157 297 1384 343 luculenter
1436 300 1627 341 eruitur
1621 331 1633 354 ,
1680 300 1731 344 L.

366 359 587 403 Lucullum
620 358 755 415 plures
781 356 968 399 habuisse
1002 355 1131 410 villas,
1153 372 1276 401 unam
1295 357 1468 416 Neapoli
1486 373 1606 415 supra
1633 360 1735 400 Pau-

366 421 597 485 silypanum
619 416 948 473 promontorium
970 430 1113 472 parum
1138 415 1320 459 dissitam
1336 417 1387 459 ab
1407 417 1481 458 alia
1501 415 1619 457 Vedii
1640 416 1734 458 Pol·

368 476 509 518 lionis:
545 489 672 531 eaque
703 474 796 516 satis
825 484 985 516 extensa
1016 488 1099 517 esse
1130 473 1298 529 debuit,
1338 492 1434 518 cum
1455 474 1572 516 Nesis
1607 474 1733 516 insula

371 535 423 578 ad
456 535 590 590 ipsum
624 534 743 575 etiam
778 532 999 574 Lucullum
1032 533 1240 590 pertinuit.
1279 535 1396 577 Aliae
1430 533 1535 575 duae
1584 533 1699 575 villae
1724 567 1738 586 ‚

374 607 525 649 eaeque
573 590 989 657 magnificentissimae
1021 593 1060 632 in
1094 590 1314 634 Misenensi
1345 605 1439 648 agro
1476 593 1627 647 positae
1656 592 1739 635 fue-

375 669 419 695 re
440 684 452 701 ‚
487 661 532 691 ut
563 649 826 705 probavimus
856 650 1100 705 scriptorum
1135 650 1389 693 testimoniis.
1419 649 1506 690 Nec
1529 650 1655 691 valeat
1673 667 1740 692 su-

376 726 447 767 pra
480 708 640 749 laudata
680 709 742 749 Cl.
775 706 934 748 Galiani
984 706 1199 749 auctoritas
1231 708 1471 760 asserentis,
1517 707 1743 765 Lucullum

377 769 429 810 ad
462 768 581 808 Baias
610 765 746 807 villam
777 764 1032 823 possedisse,
1068 780 1162 807 cum
1195 778 1286 824 post
1336 777 1399 809 tot
1447 781 1576 808 annos
1607 781 1627 806 a
1660 767 1744 807 Ga-

375 828 474 868 liani
503 825 627 882 ipsius
657 825 742 866 sato
771 825 857 866 loca
903 824 1053 865 isthaec
1093 823 1143 865 ab
1190 825 1356 867 eruditis
1408 823 1633 867 recentibus
1665 839 1740 867 no-

378 885 469 926 stris
507 882 772 940 scriptoribus
804 883 896 924 satis
927 883 1091 940 cognita
1124 883 1248 936 fuere,
1270 895 1309 925 et
1342 884 1524 927 examini
1553 883 1748 935 subiecta,

379 952 539 999 praeter
569 950 832 983 monumenta
863 942 904 981 in
938 941 1081 982 iisdem
1113 916 1283 997 reperta,
1304 957 1407 998 quae
1456 947 1501 988 L.
1524 940 1746 986 Lucullum

390 1015 480 1045 suas
511 999 696 1044 habuisse
726 1000 815 1044 heio
844 998 956 1043 villas
986 998 1110 1053 fidem
1142 1010 1353 1052 testantur
