1920 2579
76 574 98 599 Α
135 572 195 606 quib
200 581 260 598 ‹‹‹‹‹
264 581 288 598 m

76 610 287 642 Imperatoribus

77 646 182 670 ποιεῖς
193 646 291 672 fuerint

80 686 133 705 rest
138 687 234 707 aaaaaaa

65 1538 157 1566 fortae
173 1541 304 1576 utiq-tae.

319 116 334 143 Ζ
398 114 401 118 .

340 109 399 159 ’94
430 158 663 202 Constituto
695 167 860 215 postea,
893 156 1138 217 firmatoque
1167 159 1209 201 in
1244 158 1359 203 Italia
1390 159 1685 217 Langobardos

317 235 411 262 rum
444 233 566 274 regno
588 249 599 267 ,
633 228 780 258 cuneta
815 215 937 275 opida
959 250 970 269 ,
1003 229 1044 260 et
1077 218 1198 261 urbes
1229 220 1270 261 in
1305 221 1492 276 ipsorum
1544 235 1690 263 manus

314 292 543 336 pervenere.
584 277 656 317 Per
691 292 732 317 ea
771 287 954 334 tempora
986 277 1177 332 Neapolis
1193 278 1243 320 ab
1264 293 1306 320 ea
1327 288 1444 334 gente
1461 279 1538 320 fuit
1555 279 1689 322 obses-

309 355 350 381 sa
380 352 488 379 anno
519 335 752 382 DLXXXI.
786 336 889 393 {Juae
920 336 1021 379 adeo
1056 336 1249 380 Barbaris
1285 336 1479 390 obstitit,
1515 349 1561 381 ut
1609 340 1689 381 im-

306 396 497 455 possibile
529 395 652 436 fuerit
686 394 830 436 urbem
863 396 1077 439 moenibus
1110 397 1318 439 munitam
1349 411 1563 454 occupare.
1601 399 1679 440 Vi-

305 457 412 498 desis
442 456 745 496 Assemaunum
782 453 832 496 de
878 454 1055 512 Regibus
1097 456 1407 514 Neapolitanis,
1456 466 1495 498 et
1536 455 1681 499 Siculis

307 526 409 556 tom.
443 515 474 555 I.
510 529 595 570 pag.
630 517 729 566 463.

425 572 606 615 Huiusce
638 572 749 615 urbis
783 588 878 616 vero
909 574 1069 616 moenia
1102 588 1185 616 non
1218 572 1340 614 semel
1358 603 1373 624 ,
1411 572 1484 615 sed·
1527 573 1689 630 saepius

312 643 532 676 restaurata
563 632 675 674 fuere
697 663 710 683 ‚
742 642 863 689 atque
894 634 1017 674 etiam
1049 644 1180 674 turres
1211 630 1383 672 additae·
1402 631 1464 672 Ex
1480 631 1559 675 hoc
1581 647 1689 674 mar-

311 706 426 736 more
458 706 480 732 a
510 690 666 733 celano
685 722 700 742 ,
739 692 881 732 Giorn.
917 692 967 732 IL
1001 692 1121 733 allato
1142 721 1158 742 ,
1195 689 1410 748 §aemam
1452 691 1691 746 Augustum·

310 762 422 809 patet
454 750 617 792 moenia
649 748 952 792 reaedificasse:
1214 746 1231 748 ¹

517 865 605 902 IMP
636 892 643 900 .
675 864 865 902 CAESAR
891 891 901 901 .
926 865 1032 903 DIVI
1061 894 1070 903 .
1098 866 1127 902 F
1159 894 1166 902 .
1195 862 1470 903 AUGUSTUS

306 917 555 956 PONTIFEX
571 943 579 951 .
595 915 704 952 MAX
723 944 732 953 0
752 915 844 951 COS
866 943 873 952 .
897 917 983 952 xm
1004 943 1013 952 .
1033 916 1324 954 TRIBUNITIA
1344 941 1354 951 .
1387 913 1686 953 POTESTATE

386 969 555 1005 XXXIII
584 991 592 1001 .
620 966 708 1001 IMP
737 994 746 1003 .
774 966 864 1001 XVI
891 990 900 1000 .
928 966 1089 1003 PATER
1117 992 1134 1002 .,
1154 965 1368 1002 PATRIAE
1396 990 1406 1000 .
1432 963 1606 1003 MUROS

678 1015 982 1062 TURRESQUE
1010 1043 1025 1053 ο,
1045 1015 1259 1054 REFECIT
1288 1040 1300 1055 .

305 1128 436 1172 Adest
467 1128 568 1169 alius
601 1126 700 1185 lapis
731 1123 829 1167 olim
861 1136 1046 1183 repertus
1074 1127 1116 1168 in
1132 1123 1366 1169 cathedrali
1381 1124 1652 1180 Neapolitana
1673 1157 1686 1177 ‚

302 1203 451 1244 nempe
482 1187 523 1228 in
557 1185 692 1228 Sancti
724 1186 963 1242 Asprenatis
995 1186 1188 1242 primoris
1219 1183 1332 1226 urbis
1381 1184 1594 1226 Antistitis-
1625 1201 1687 1226 sa-

302 1247 403 1289 celto
424 1279 440 1299 ,
475 1246 769 1303 suppletusque
800 1259 822 1284 a
854 1243 1006 1286 Ioanne
1038 1243 1186 1287 Lamio
1205 1277 1221 1298 ‚
1253 1254 1300 1284 ut
1331 1240 1473 1285 scribit
1504 1243 1682 1289 Ludovi·

301 1321 373 1348 cus
404 1305 661 1348 Sabbatinius
694 1304 746 1344 de
777 1302 936 1344 Anfora
967 1304 1007 1345 in
1038 1301 1334 1346 Dissertatioue
1365 1300 1573 1344 cardinali
1592 1303 1689 1360 Spi-

303 1365 426 1407 nellio
457 1364 726 1421 Neapolitano
757 1361 1062 1418 Archipraesuli
1096 1362 1240 1405 dicata.
1265 1363 1326 1403 Ex
1347 1361 1425 1403 hoc
1443 1362 1682 1404 veroetiam

304 1424 608 1474 Theodosium,
640 1432 679 1464 et
711 1421 1049 1466 Valentinianum
1079 1421 1352 1481 Imperatores
1384 1417 1499 1463 urbis
1541 1435 1681 1464 muros

304 1495 545 1525 restaurasse
577 1491 752 1525 constat.

426 1541 535 1584 Vrbs
566 1541 729 1596 antiqua
762 1539 962 1597 quadrata
995 1550 1080 1583 erat
1112 1541 1244 1583 forma
1271 1572 1284 1592 ,
1315 1541 1376 1582 uti
1395 1549 1562 1583 narrant
1584 1554 1684 1581 non-

302 1602 432 1650 nulli;
464 1609 641 1657 quat-nor
673 1598 814 1640 eadem
848 1599 991 1640 habuit
1023 1610 1163 1654 portas
1193 1598 1440 1655 quatruplici
1461 1598 1589 1639 dictas
1607 1612 1684 1638 no-

301 1663 424 1701 mine.
459 1658 593 1700 Prima
627 1667 768 1699 vocata
802 1657 881 1698 fuit
911 1662 1148 1709 Montana,
1184 1657 1279 1713 quia
1313 1655 1437 1697 huius
1473 1666 1614 1712 portae
1630 1655 1683 1698 si-

298 1732 365 1760 tus
397 1718 536 1760 elatior
568 1726 693 1766 erat,
722 1726 761 1757 et
792 1715 889 1756 hinc
920 1714 972 1755 ad
1005 1726 1163 1757 montes
1194 1714 1399 1757 adibatur.
1437 1715 1579 1755 Altera
1627 1714 1685 1754 di-

298 1778 468 1818 cebatur
501 1779 734 1831 Campana,
768 1789 849 1831 qua
880 1773 932 1815 ad
964 1773 1151 1830 Capuam
1183 1773 1260 1816 iter
1292 1782 1408 1813 erat:
1446 1771 1567 1814 tertia
1588 1772 1682 1814 No-

297 1840 389 1879 lana
421 1835 471 1876 ad
506 1835 609 1875 hanc
644 1831 817 1874 urbem:
851 1832 1001 1873 harum
1030 1831 1211 1873 duarum
1240 1831 1407 1872 nomina
1444 1831 1581 1872 adhuc
1627 1846 1684 1873 re-

296 1908 420 1937 stant.
472 1893 708 1936 Puteolana
743 1892 814 1948 (1)
839 1922 853 1943 ,
884 1906 954 1934 seu
978 1893 1162 1935 Cumana
1182 1891 1238 1932 ita
1257 1889 1562 1947 appellabatur,
1582 1890 1676 1946 quia

397 2105 452 2151 (ι)
480 2104 552 2139 Per
576 2102 670 2138 hanc
696 2106 835 2150 portam
856 2125 867 2142 ,
895 2110 990 2146 quae
1019 2097 1092 2132 iam
1119 2095 1190 2131 fuit
1219 2095 1336 2131 excisa
1364 2105 1382 2128 a
1411 2094 1508 2142 Rege
1544 2092 1676 2129 Carol-

295 2154 553 2202 Andegavensi
579 2164 674 2188 anno
699 2148 848 2187 MCCC.
875 2147 1050 2184 Puteoios
1076 2146 1191 2182 viator
1217 2144 1458 2194 perveniebat.
1485 2142 1582 2179 Haec
1596 2156 1676 2192 por-

298 2214 334 2241 ta
359 2205 427 2241 sita
457 2212 558 2247 erat,
587 2201 651 2238 nbi
678 2213 776 2238 nunc
802 2197 967 2246 adsurgit
993 2197 1033 2234 S.
1059 2196 1246 2234 Dominici
1286 2195 1477 2232 obeliscus.
1514 2193 1570 2229 Ex
1607 2195 1676 2229 boc

300 2256 414 2305 igitur
441 2255 521 2290 loco
548 2252 747 2300 incipiebat
775 2249 833 2287 via
860 2247 1082 2293 Puteolana,
1111 2258 1204 2297 quae
1231 2257 1294 2295 per
1330 2245 1467 2283 vicinos
1503 2244 1679 2280 extende-

297 2307 403 2343 batur
438 2303 545 2342 colles
568 2316 578 2339 ς
606 2301 694 2340 hinc
719 2314 784 2353 per
810 2299 1071 2345 Anfiniamun,
1095 2299 1308 2348 Antignano
1331 2323 1342 2342 ,
1387 2308 1452 2346 per
1489 2294 1682 2339 sinistrum
