1920 2579
1493 156 1576 194 277

207 204 468 250 'noniensibns
495 221 517 247 a
547 204 609 247 Cl.
657 201 874 246 Mazoohio
925 214 1037 243 num.
1086 215 1114 256 9
1158 197 1323 242 allatis:
1382 198 1573 254 Corpora

207 274 349 306 autem
385 263 643 304 Sanctorum
663 293 676 313 ,
711 263 778 302 ubi
803 270 957 317 postea
989 260 1164 318 dignam
1197 259 1325 299 Beati
1356 257 1570 313 ,Martyris

206 322 408 365 Ianuarii
435 322 669 363 Basilicam
705 319 1019 369 condiderant,
1068 317 1216 360 scilicet
1267 315 1524 371 Neapolitani
1559 348 1570 367 Ἰ

202 381 400 436 qnoniam
433 396 454 420 a
485 378 745 435 sequentibus
776 376 906 419 verbis
957 377 1182 432 colligimus
1204 407 1216 426 ‚
1250 375 1418 415 illorum
1462 375 1573 415 Mar-

203 448 342 494 tyrum
375 452 545 493 corpora
575 451 597 476 a
628 436 789 491 singulis
821 437 1078 491 compaganis
1101 470 1114 489 ‚
1146 449 1270 490 aeque
1308 448 1351 473 ac
1397 431 1498 473 illud
1531 432 1570 472 S,

205 495 380 536 ianuarii
417 505 556 550 utpote
589 495 683 536 civis
705 494 959 551 Neapolitani
979 525 992 543 ,
1024 493 1212 534 decenter
1232 491 1439 549 sepultum
1461 490 1571 532 haud

207 553 322 608 longe
353 568 374 592 a
410 553 584 596 Vulcani
615 554 722 594 Foro
754 552 865 610 apud
909 551 1047 593 villam
1094 551 1260 592 nomine
1316 550 1576 591 Marcianum

209 612 313 652 inter
353 612 578 652 Olibanum
610 612 759 653 Monte
788 611 941 666 Spina,
974 620 1012 650 et
1043 610 1174 651 lacum
1210 609 1429 650 Anianum.
1468 608 1575 649 Villa

208 670 358 710 isthaec
391 669 592 711 Marciana
626 671 755 712 extitit
792 685 920 724 usque
949 669 1000 709 acl
1030 667 1235 709 saeculum
1269 667 1406 709 XVII,
1439 667 1572 721 Euge-

204 729 294 768 nius
354 731 481 785 Neap.
540 727 648 771 Sacr.
711 742 801 784 pag.
852 729 902 779 8,
963 725 1278 769 Chioccarellius
1330 725 1391 765 De
1440 725 1576 780 Episc³

211 785 338 843 Neap.
370 788 439 829 fol.
473 788 526 829 25
548 819 560 838 ,
593 786 846 839 Caracciolus
877 789 940 827 De
972 786 1079 827 Sacr.
1101 783 1357 838 Eccl.Neap.
1390 786 1578 824 Mennim
1611 812 1616 819 s

211 860 248 887 c.
279 859 358 896 20,
390 847 537 903 aliique
560 860 702 888 omnes
720 845 943 897 affirmant,
979 860 1075 886 eum
1104 845 1241 886 locum
1261 840 1423 884 nullum
1453 842 1578 886 alium

213 901 363 954 fuisse,
397 919 522 961 quam
553 904 729 947 eundem
759 920 780 946 a
818 904 938 946 nobis
970 902 1210 945 indicatum.

324 966 445 1004 Vnus
474 963 638 1004 interim
656 963 761 1005 inter
792 977 933 1004 omnes
954 961 1183 1004 Sabatinius
1205 960 1298 1004 Kal.
1318 960 1447 1017 Neap.
1469 972 1574 1003 tom.

213 1017 287 1058 IV.
320 1035 445 1062 mens.
489 1020 622 1076 April·
656 1037 746 1078 pag.
779 1024 829 1074 41
867 1031 906 1064 et
925 1037 1037 1078 seqq.
1073 1020 1202 1063 doctis
1221 1020 1470 1075 argumentis
1491 1034 1578 1074 pro·

209 1075 306 1117 bare
338 1080 510 1132 nititur,
549 1079 688 1120 locum
735 1081 846 1121 hunc
890 1095 974 1122 non
1015 1079 1137 1121 fuisse
1180 1092 1309 1133 prope
1348 1077 1578 1131 Sulphura-

208 1134 335 1188 riam,
366 1136 434 1177 sed
474 1137 582 1193 apud
614 1138 869 1188 Nuceriam,
906 1132 976 1179 ubi
1007 1136 1121 1177 locus
1161 1146 1270 1176 extat
1320 1134 1462 1175 eodem
1510 1148 1577 1174 no-

208 1194 316 1234 mine
335 1194 493 1244 dictus,
516 1205 554 1235 et
577 1194 644 1235 ubi
677 1194 897 1237 Christiani
933 1196 952 1249 (
986 1194 1044 1235 uti
1077 1194 1160 1248 ipse
1192 1191 1330 1234 scribit
1363 1191 1380 1247 )
1425 1193 1464 1232 S.
1516 1192 1579 1231 Ia-

208 1252 398 1313 nnnarium
453 1251 709 1294 tumularunt
732 1285 743 1306 ,
791 1257 939 1310 cuique
978 1252 1231 1305 Ecclesiam,
1283 1261 1322 1291 et
1376 1250 1578 1291 Monaste-

210 1321 318 1350 rium
366 1321 502 1365 postea
546 1310 749 1353 dicarunt.
797 1312 836 1352 Is
865 1321 1002 1352 autem
1037 1319 1202 1360 narrat,
1255 1308 1506 1350 Christianos
1537 1309 1578 1349 S„

210 1364 384 1408 Ianuarii
418 1378 563 1422 corpus
594 1368 701 1410 clam
733 1384 804 1425 per
835 1383 946 1410 mare
965 1367 1246 1422 adsportasse,
1280 1377 1318 1406 et
1348 1380 1474 1420 prope
1492 1366 1580 1406 Nu-

207 1423 353 1465 ceriam
384 1427 620 1469 condidisse.
658 1429 749 1468 Hoc
778 1441 899 1468 omne
928 1426 1075 1482 probat
1106 1425 1144 1465 S.
1178 1424 1371 1480 Gregorii
1404 1424 1473 1464 lib.
1523 1424 1574 1465 ΙΙ,

208 1482 321 1536 epist.
354 1497 412 1536 72
441 1487 691 1527 auctoritate.
734 1487 789 1526 At
817 1485 925 1526 idem
965 1486 1007 1526 S.
1043 1483 1228 1530 Pontifex
1247 1481 1406 1523 nullum
1437 1482 1576 1523 locum

207 1539 379 1594 assignat
426 1543 557 1585 eidem
600 1542 836 1594 Ecclesiae,
888 1553 926 1583 et
964 1543 1246 1590 Monasterio,
1295 1540 1364 1581 sed
1412 1551 1573 1582 tantum

208 1597 461 1641 Marcianum
496 1603 689 1643 nominat.
721 1602 856 1643 Locus
889 1611 1025 1642 autem
1057 1601 1119 1641 hic
1159 1599 1393 1641 Marcianus
1411 1599 1577 1639 nomine

209 1670 230 1695 a
263 1657 301 1698 S.
335 1657 533 1714 Gregorio
567 1659 799 1713 indicatus,
833 1661 968 1700 nullus
1000 1659 1099 1700 alius
1133 1674 1215 1699 esse
1248 1655 1411 1713 potuit,
1450 1671 1575 1712 quam

208 1713 275 1756 ille
313 1716 424 1772 ipse,
473 1734 595 1774 quern
642 1733 784 1759 omnes
823 1718 941 1774 patrii
993 1718 1208 1775 scriptores
1257 1730 1414 1772 semper
1445 1714 1577 1755 credi-

210 1773 370 1816 derunt.
1108 1809 1110 1811 ,

324 1834 444 1874 Haud
485 1834 622 1889 procul
656 1849 674 1873 a
696 1833 928 1891 supradicto
959 1834 1166 1876 Marciano
1189 1831 1447 1888 Neapolitani
1476 1841 1574 1872 tem-

207 1892 314 1946 poris
345 1906 557 1948 progressu
591 1892 815 1932 Ecclesiam
849 1907 941 1933 cnm
975 1892 1332 1948 Cappuccinorum
1362 1890 1575 1937 CoenobIO

207 1948 334 1990 eidem
386 1951 530 1991 Sancto
564 1952 733 2005 Martyri
767 1961 975 1990 sacrarunt
1013 1965 1132 2006 supra
1180 1949 1356 1990 Vulcani
1401 1949 1569 1988 Forum.

208 2006 252 2047 In
287 2008 424 2049 eadem
457 2007 632 2050 Ecclesia
682 2019 870 2050 servatur
917 2008 1050 2049 adhuc
1101 2008 1379 2064 antiquissima
1436 2006 1573 2048 Sancti

204 2230 284 2254 cam
307 2216 558 2253 condiderunt.
588 2215 750 2261 Quinam
777 2216 853 2254 eius
878 2216 986 2253 fuerit
1011 2222 1155 2258 auctor,
1185 2222 1307 2252 utrum
1327 2213 1565 2258 sxseverm,

210 2282 252 2306 an
279 2268 362 2312 ¹alii,
390 2269 565 2304 incertum
592 2276 659 2303 esti
