1920 2579
182 165 289 209 Novi
326 165 476 219 Montis
508 161 869 219 conflagrationem
900 175 997 202 cum
1029 159 1117 216 ipso
1152 159 1240 200 vico
1272 157 1349 199 fuit
1381 159 1556 202 omnino

187 225 238 266 ab
270 225 359 279 igne
391 223 663 265 submersum.

308 282 484 323 Puteolis
531 278 827 334 egredientibus
872 277 919 318 fit
966 277 1125 320 obviam
1171 276 1280 317 lacus
1323 275 1529 318 Lucrinus
1552 300 1647 330 ‚Lacus

191 357 312 397 quem
347 340 468 380 hodie
499 338 655 379 accolae
694 338 836 379 dicunt
869 338 970 393 lago
1020 337 1066 377 di
1097 338 1140 378 S.
1172 334 1376 389 Filippo‚
1412 335 1566 391 quique

193 400 245 441 ob
278 408 428 440 ostreas
468 396 640 438 maxime
674 395 783 451 apud
820 405 969 435 veteres
1007 393 1161 436 celeber
1197 393 1338 436 evasit.
1370 394 1563 450 Appella-

197 468 262 497 tus
298 456 374 496 fuit
414 458 496 507 ita,
530 454 644 512 quod
677 454 882 496 Romanae
901 452 1148 510 reipublicae
1170 452 1568 508 magnusapiscium

198 525 365 569 captura
407 515 542 554 lucrus
575 511 848 571 proveniebat.
886 511 1029 551 Dictus
1064 510 1182 551 etiam
1218 509 1296 549 fuit
1337 510 1570 553 Ostreosus

197 574 307 613 lacus
344 571 398 611 ob
434 582 579 614 ostrea.
611 575 708 613 Hoc
744 571 859 611 enim
891 584 1053 610 nomen
1101 568 1295 624 piscibus
1339 583 1572 610 commane

199 628 291 679 est5
327 630 400 686 qui
435 646 639 683 asperam
671 630 827 670 habent
867 637 1020 669 testam
1037 644 1057 678 ‚·
1111 627 1187 685 qai
1233 639 1342 667 vero
1397 628 1541 668 levem
1564 659 1577 678 ‚

205 688 410 729 Conchae
444 686 673 739 dicuntur,
711 701 973 744 quamquam
996 687 1090 783 ῗζιοσ
1125 699 1259 740 saepe
1299 699 1460 726 nomen
1506 701 1581 727 va-

205 751 394 797 riarum,
420 755 460 786 et
494 756 637 786 ostrea
672 759 840 802 qaoque
871 743 993 785 Cone
1009 742 1079 783 tae
1099 752 1197 783 sunt
1233 744 1503 797 appellatae,
1532 754 1577 785 ut

203 803 384 858 loquitur
419 803 656 844 Sanfelicius
689 803 830 843 Iunior
867 801 906 840 in
937 801 1073 842 adnot.
1097 798 1300 842 sanfelicii
1328 799 1508 842 Senioris
1529 801 1582 843 de

202 863 348 916 Camp.
388 876 474 917 pag.
513 862 580 913 76.
622 862 738 915 Quae
776 873 870 901 vero
910 860 950 900 in
989 859 1173 900 Lucrino
1210 857 1476 913 oriebantud,
1515 875 1577 914 ge-

202 933 298 958 nere
333 928 371 957 et
400 919 518 975 copia
553 918 797 976 praestitisse
849 918 936 958 aliis
974 926 1145 958 testatur
1205 916 1354 959 Strabo
1405 916 1476 960 lib.
1525 920 1580 959 V.

202 975 352 1027 Geogr.
391 976 559 1017 Illorum
594 991 687 1017 vero
726 976 900 1030 piscium
935 985 1073 1016 tantus
1111 985 1195 1016 erat
1230 989 1382 1031 sapor,
1417 985 1465 1015 ut
1497 974 1582 1016 Lu—

202 1032 304 1072 crini
341 1043 468 1073 ostrea
501 1033 605 1074 inter
639 1033 882 1074 delicatioris
911 1034 1026 1087 gulae
1059 1031 1263 1073 illecebras
1313 1047 1334 1072 a
1382 1033 1578 1075 Romanis

1666 306 1796 336 Lucrinus

202 1089 464 1189 naberentur.
517 1092 628 1133 Hinc
667 1092 860 1133 Horatius
890 1091 1117 1148 emphatice
1151 1090 1298 1132 cecinit
1333 1089 1472 1149 Epod.
1502 1090 1571 1134 lib.

247 1179 255 1188 ·
294 1163 334 1193 v.
371 1157 425 1205 49
478 1190 480 1193 .

382 1241 489 1284 Non
524 1257 589 1284 me
627 1241 820 1284 Lucrina
861 1240 1041 1285 iuverint
1072 1238 1292 1286 conchilia
1315 1274 1328 1293 ‚

445 1301 655 1358 Magisve
689 1304 916 1354 rhombus,
954 1310 1027 1344 aut
1060 1303 1182 1343 scari

386 1357 438 1398 Si
462 1374 566 1412 quos
595 1359 706 1401 Eois
737 1361 925 1401 intonata
959 1360 1161 1411 flactibus

443 1418 594 1456 Hiems
615 1414 691 1457 ad
722 1418 805 1457 lzoc
841 1426 971 1457 vertat
1006 1432 1137 1458 mare.

214 1506 256 1547 'et
298 1504 406 1546 idem
439 1517 559 1563 poeta
599 1506 668 1548 lib.
701 1506 752 1549 II.
782 1506 915 1561 Satyr.
946 1513 987 1558 4.
1024 1521 1064 1549 ν.
1104 1509 1155 1548 31
1193 1519 1354 1548 necnon
1401 1516 1441 1548 et·
1477 1509 1588 1550 Mar·

213 1564 316 1605 tialis
344 1564 412 1604 lib.
449 1565 560 1607 XIII.
597 1565 732 1620 Epigr.
774 1579 828 1617 90
863 1564 914 1605 de
937 1564 1083 1607 eodem
1117 1565 1300 1606 Lucrino
1325 1565 1579 1609 mentionem

214 1623 322 1664 facit.
354 1622 543 1665 Valerius
575 1623 779 1664 Maximus
821 1622 888 1664 ubi
922 1621 973 1664 de
1003 1623 1141 1678 Sergio
1181 1623 1345 1674 Orata,
1382 1623 1439 1665 sic
1487 1628 1585 1666 scri-

216 1681 278 1722 bit
309 1680 378 1722 lib.
422 1682 497 1724 IX.
528 1697 563 1723 c.
608 1695 639 1723 1.
672 1682 723 1722 cle
758 1681 955 1724 Luxuria.
990 1681 1111 1722 Idem
1137 1682 1342 1723 videlicet
1358 1697 1413 1723 ne
1432 1683 1589 1739 gulam

213 1738 406 1794 Neptuni
439 1740 608 1781 arbitrio
631 1740 866 1781 subiectam
899 1740 1073 1782 haberet
1092 1771 1103 1791 ‚
1132 1742 1377 1794 peculiaria
1396 1742 1476 1782 sibit
1495 1757 1591 1782 ma-

217 1801 284 1837 ria
327 1803 614 1855 excogitavit:
656 1799 882 1840 aestuariis
931 1798 1240 1851 intercipiendo
1265 1798 1436 1851 fluctus
1459 1830 1471 1848 ,
1516 1800 1584 1853 pi-

217 1859 427 1910 sciumque
460 1857 654 1897 diversos
687 1870 868 1913 greges,
894 1857 1107 1910 separatis
1150 1857 1322 1898 molibus
1367 1857 1582 1898 includen-

217 1914 273 1954 do
295 1945 307 1963 ‚
345 1924 386 1955 ut
424 1915 541 1956 nulla
578 1923 666 1955 tam
698 1928 835 1956 saeva
861 1924 1090 1969 tempestas
1126 1915 1358 1966 incideret3
1393 1929 1479 1972 qua
1496 1931 1585 1956 non

223 1972 381 2014 Oratae
412 1988 590 2013 mensae
627 1973 838 2014 varietate
858 1974 1131 2026 ferculorum
1160 1972 1441 2014 abundarent.
1461 1973 1586 2015 AEdi-

199 2030 328 2084 ficiis
359 2036 480 2073 etiam
520 2032 750 2086 spatiosis,
788 2041 829 2072 et
864 2034 1084 2085 excelsis,
1123 2030 1295 2072 deserta
1330 2031 1458 2072 adid
1481 2041 1586 2073 tem·

209 2104 293 2142 pus
327 2104 408 2130 ora
441 2090 621 2132 ,Lucrini
653 2091 772 2131 lacus
800 2091 987 2145 pressit:
1014 2106 1094 2146 qno
1130 2089 1370 2131 recentiore
1391 2104 1467 2131 usn
1490 2105 1588 2131 con-

216 2147 454 2202 ehylc'orum
475 2151 702 2201 frueretur.
730 2148 782 2188 Et
817 2148 1048 2189 Macrobius
1083 2147 1246 2189 Sarum.
1282 2147 1351 2188 lib.
1381 2148 1452 2190 ΙΙΙ.
1473 2148 1586 2190 e.15

219 2204 273 2243 sic
308 2207 428 2246 etiam
474 2209 524 2248 de
565 2208 689 2249 Orata
731 2217 919 2249 testatum
973 2208 1163 2264 reliquit:
1198 2207 1386 2263 'Sergius
1449 2207 1587 2248 Orata

218 2266 536 2323 cognominatus
573 2277 636 2313 esc
656 2298 668 2327 Ζ
703 2266 818 2324 quod
851 2267 895 2321 ei
912 2268 1090 2329 pisces,
1130 2266 1201 2325 qui
1228 2271 1591 2325 Aurataepocane
