<?xml version="1.0" encoding="UTF-8"?>
<!DOCTYPE html PUBLIC "-//W3C//DTD XHTML 1.0 Transitional//EN"
    "http://www.w3.org/TR/xhtml1/DTD/xhtml1-transitional.dtd">
<html xmlns="http://www.w3.org/1999/xhtml" xml:lang="en" lang="en">
 <head>
  <title>
</title>
<meta http-equiv="Content-Type" content="text/html;charset=utf-8" />
  <meta name='ocr-system' content='tesseract 3.04.00' />
  <meta name='ocr-capabilities' content='ocr_page ocr_carea ocr_par ocr_line ocrx_word'/>
</head>
<body>
  <div class='ocr_page' id='page_1' title='image "./universiaecampan01laur/universiaecampan01laur_0436.png"; bbox 0 0 1920 2579; ppageno 0'>
   <div class='ocr_carea' id='block_1_1' title="bbox 376 110 1756 1739">
    <p class='ocr_par' dir='ltr' id='par_1_1' title="bbox 387 110 466 154">
     <span class='ocr_line' id='line_1_1' title="bbox 387 110 466 154; baseline -0.013 -8"><span class='ocrx_word' id='word_1_1' title='bbox 387 110 466 154; x_wconf 64' lang='lat'>134</span> 
     </span>
    </p>

    <p class='ocr_par' dir='ltr' id='par_1_2' title="bbox 380 156 1755 511">
     <span class='ocr_line' id='line_1_2' title="bbox 382 156 1754 218; baseline 0.004 -17"><span class='ocrx_word' id='word_1_2' title='bbox 382 164 485 204; x_wconf 83' lang='lat' dir='ltr'>Cato</span> <span class='ocrx_word' id='word_1_3' title='bbox 509 190 522 209; x_wconf 88' lang='lat'><strong>,</strong></span> <span class='ocrx_word' id='word_1_4' title='bbox 554 159 623 216; x_wconf 85' lang='lat' dir='ltr'>qui</span> <span class='ocrx_word' id='word_1_5' title='bbox 657 156 758 200; x_wconf 85' lang='lat' dir='ltr'>dixit</span> <span class='ocrx_word' id='word_1_6' title='bbox 789 157 839 200; x_wconf 90' lang='lat' dir='ltr'>de</span> <span class='ocrx_word' id='word_1_7' title='bbox 869 157 1136 213; x_wconf 82' lang='lat' dir='ltr'>Originibus,</span> <span class='ocrx_word' id='word_1_8' title='bbox 1180 163 1232 216; x_wconf 88' lang='lat' dir='ltr'>Q.</span> <span class='ocrx_word' id='word_1_9' title='bbox 1264 156 1438 214; x_wconf 78' lang='lat' dir='ltr'>Fabius,</span> <span class='ocrx_word' id='word_1_10' title='bbox 1471 162 1520 204; x_wconf 90' lang='lat' dir='ltr'>L.</span> <span class='ocrx_word' id='word_1_11' title='bbox 1553 163 1722 207; x_wconf 77' lang='lat' dir='ltr'>Cincius</span> <span class='ocrx_word' id='word_1_12' title='bbox 1742 198 1754 218; x_wconf 92' lang='lat'>‚</span> 
     </span>
     <span class='ocr_line' id='line_1_3' title="bbox 380 216 1755 276; baseline 0.004 -17"><span class='ocrx_word' id='word_1_13' title='bbox 380 218 568 261; x_wconf 78' lang='lat' dir='ltr'>Valerius</span> <span class='ocrx_word' id='word_1_14' title='bbox 600 220 814 268; x_wconf 78' lang='lat' dir='ltr'>Antiates,</span> <span class='ocrx_word' id='word_1_15' title='bbox 846 216 994 274; x_wconf 87' lang='lat' dir='ltr'>aliique</span> <span class='ocrx_word' id='word_1_16' title='bbox 1024 233 1202 276; x_wconf 90' lang='lat' dir='ltr'>quorum</span> <span class='ocrx_word' id='word_1_17' title='bbox 1235 235 1355 276; x_wconf 88' lang='lat' dir='ltr'>opera</span> <span class='ocrx_word' id='word_1_18' title='bbox 1388 221 1557 264; x_wconf 89' lang='lat' dir='ltr'>omnino</span> <span class='ocrx_word' id='word_1_19' title='bbox 1597 224 1755 265; x_wconf 88' lang='lat' dir='ltr'>interci-</span> 
     </span>
     <span class='ocr_line' id='line_1_4' title="bbox 382 277 1753 330; baseline 0.003 -10"><span class='ocrx_word' id='word_1_20' title='bbox 382 279 490 320; x_wconf 65' lang='lat' dir='ltr'>(iere.</span> <span class='ocrx_word' id='word_1_21' title='bbox 524 277 678 318; x_wconf 84' lang='lat' dir='ltr'>Plinius</span> <span class='ocrx_word' id='word_1_22' title='bbox 712 277 819 318; x_wconf 86' lang='lat' dir='ltr'>Hist.</span> <span class='ocrx_word' id='word_1_23' title='bbox 857 279 1007 318; x_wconf 83' lang='lat' dir='ltr'>Natur.</span> <span class='ocrx_word' id='word_1_24' title='bbox 1035 278 1107 320; x_wconf 68' lang='grc' dir='ltr'>ἰὼ.</span> <span class='ocrx_word' id='word_1_25' title='bbox 1159 278 1363 322; x_wconf 85' lang='lat' dir='ltr'>XXXIV.</span> <span class='ocrx_word' id='word_1_26' title='bbox 1396 294 1429 320; x_wconf 90' lang='lat' dir='ltr'>c.</span> <span class='ocrx_word' id='word_1_27' title='bbox 1469 280 1526 330; x_wconf 87' lang='lat'>6,</span> <span class='ocrx_word' id='word_1_28' title='bbox 1574 291 1612 321; x_wconf 88' lang='lat' dir='ltr'>et</span> <span class='ocrx_word' id='word_1_29' title='bbox 1661 283 1753 324; x_wconf 83' lang='lat' dir='ltr'>Plu-</span> 
     </span>
     <span class='ocr_line' id='line_1_5' title="bbox 382 334 1751 393; baseline 0.003 -16"><span class='ocrx_word' id='word_1_30' title='bbox 382 337 545 377; x_wconf 77' lang='lat' dir='ltr'>tarchus</span> <span class='ocrx_word' id='word_1_31' title='bbox 577 334 627 376; x_wconf 85' lang='lat' dir='ltr'>de</span> <span class='ocrx_word' id='word_1_32' title='bbox 659 335 744 377; x_wconf 82' lang='lat' dir='ltr'>aliis</span> <span class='ocrx_word' id='word_1_33' title='bbox 775 337 1024 377; x_wconf 86' lang='lat' dir='ltr'>mentionem</span> <span class='ocrx_word' id='word_1_34' title='bbox 1055 336 1230 389; x_wconf 86' lang='lat' dir='ltr'>faciunt,</span> <span class='ocrx_word' id='word_1_35' title='bbox 1280 338 1349 393; x_wconf 90' lang='lat' dir='ltr'>qui</span> <span class='ocrx_word' id='word_1_36' title='bbox 1395 338 1444 379; x_wconf 86' lang='lat' dir='ltr'>de</span> <span class='ocrx_word' id='word_1_37' title='bbox 1489 339 1608 383; x_wconf 82' lang='lat' dir='ltr'>variis</span> <span class='ocrx_word' id='word_1_38' title='bbox 1655 355 1751 381; x_wconf 87' lang='lat' dir='ltr'>con-</span> 
     </span>
     <span class='ocr_line' id='line_1_6' title="bbox 383 393 1753 454; baseline 0.001 -17"><span class='ocrx_word' id='word_1_39' title='bbox 383 397 633 450; x_wconf 74' lang='lat' dir='ltr'>scripserunt</span> <span class='ocrx_word' id='word_1_40' title='bbox 665 393 808 445; x_wconf 86' lang='lat' dir='ltr'>rebus,</span> <span class='ocrx_word' id='word_1_41' title='bbox 833 409 980 451; x_wconf 83' lang='lat' dir='ltr'>nempe</span> <span class='ocrx_word' id='word_1_42' title='bbox 1012 395 1062 437; x_wconf 86' lang='lat' dir='ltr'>de</span> <span class='ocrx_word' id='word_1_43' title='bbox 1082 395 1239 438; x_wconf 85' lang='lat' dir='ltr'>Musica</span> <span class='ocrx_word' id='word_1_44' title='bbox 1258 428 1270 450; x_wconf 84' lang='lat'>,</span> <span class='ocrx_word' id='word_1_45' title='bbox 1304 395 1471 454; x_wconf 83' lang='lat' dir='ltr'>aliisque</span> <span class='ocrx_word' id='word_1_46' title='bbox 1484 398 1753 453; x_wconf 82' lang='lat' dir='ltr'>argumentis,</span> 
     </span>
     <span class='ocr_line' id='line_1_7' title="bbox 384 452 1265 511; baseline 0.002 -16"><span class='ocrx_word' id='word_1_47' title='bbox 384 469 489 511; x_wconf 72' lang='lat' dir='ltr'>quae</span> <span class='ocrx_word' id='word_1_48' title='bbox 521 453 704 506; x_wconf 76' lang='lat' dir='ltr'>profecto</span> <span class='ocrx_word' id='word_1_49' title='bbox 738 469 863 511; x_wconf 87' lang='lat' dir='ltr'>opera</span> <span class='ocrx_word' id='word_1_50' title='bbox 894 452 1103 508; x_wconf 84' lang='lat' dir='ltr'>deperdita</span> <span class='ocrx_word' id='word_1_51' title='bbox 1140 454 1265 497; x_wconf 87' lang='lat' dir='ltr'>fuere.</span> 
     </span>
    </p>

    <p class='ocr_par' dir='ltr' id='par_1_3' title="bbox 379 511 1756 1260">
     <span class='ocr_line' id='line_1_8' title="bbox 503 511 1753 570; baseline 0.004 -18"><span class='ocrx_word' id='word_1_52' title='bbox 503 515 563 557; x_wconf 87' lang='lat' dir='ltr'>Ea</span> <span class='ocrx_word' id='word_1_53' title='bbox 595 528 689 555; x_wconf 86' lang='lat' dir='ltr'>vero</span> <span class='ocrx_word' id='word_1_54' title='bbox 722 513 799 554; x_wconf 86' lang='lat' dir='ltr'>iam</span> <span class='ocrx_word' id='word_1_55' title='bbox 832 511 992 554; x_wconf 86' lang='lat' dir='ltr'>saeculo</span> <span class='ocrx_word' id='word_1_56' title='bbox 1038 515 1193 570; x_wconf 89' lang='lat' dir='ltr'>primo,</span> <span class='ocrx_word' id='word_1_57' title='bbox 1245 526 1282 556; x_wconf 90' lang='lat' dir='ltr'>et</span> <span class='ocrx_word' id='word_1_58' title='bbox 1326 515 1453 557; x_wconf 88' lang='lat' dir='ltr'>altero</span> <span class='ocrx_word' id='word_1_59' title='bbox 1482 515 1532 555; x_wconf 83' lang='lat' dir='ltr'>ab</span> <span class='ocrx_word' id='word_1_60' title='bbox 1575 514 1753 557; x_wconf 82' lang='lat' dir='ltr'>Ecclesia</span> 
     </span>
     <span class='ocr_line' id='line_1_9' title="bbox 382 569 1752 629; baseline -0.001 -16"><span class='ocrx_word' id='word_1_61' title='bbox 382 569 611 614; x_wconf 79' lang='lat' dir='ltr'>Chiistiana</span> <span class='ocrx_word' id='word_1_62' title='bbox 652 571 815 629; x_wconf 80' lang='lat' dir='ltr'>condita</span> <span class='ocrx_word' id='word_1_63' title='bbox 848 573 1043 624; x_wconf 86' lang='lat' dir='ltr'>ineunte,</span> <span class='ocrx_word' id='word_1_64' title='bbox 1077 572 1212 614; x_wconf 86' lang='lat' dir='ltr'>adhuc</span> <span class='ocrx_word' id='word_1_65' title='bbox 1244 589 1339 629; x_wconf 74' lang='lat' dir='ltr'>prae</span> <span class='ocrx_word' id='word_1_66' title='bbox 1371 573 1589 615; x_wconf 85' lang='lat' dir='ltr'>doctorum</span> <span class='ocrx_word' id='word_1_67' title='bbox 1623 573 1752 613; x_wconf 87' lang='lat' dir='ltr'>homi-</span> 
     </span>
     <span class='ocr_line' id='line_1_10' title="bbox 386 629 1755 687; baseline 0.001 -17"><span class='ocrx_word' id='word_1_68' title='bbox 386 634 489 670; x_wconf 80' lang='lat' dir='ltr'>num</span> <span class='ocrx_word' id='word_1_69' title='bbox 523 630 711 672; x_wconf 83' lang='lat' dir='ltr'>manibus</span> <span class='ocrx_word' id='word_1_70' title='bbox 742 629 999 673; x_wconf 83' lang='lat' dir='ltr'>habebantur</span> <span class='ocrx_word' id='word_1_71' title='bbox 1021 662 1033 680; x_wconf 89' lang='lat'>,</span> <span class='ocrx_word' id='word_1_72' title='bbox 1063 642 1134 671; x_wconf 89' lang='lat' dir='ltr'>ant</span> <span class='ocrx_word' id='word_1_73' title='bbox 1165 632 1335 673; x_wconf 89' lang='lat' dir='ltr'>omnino</span> <span class='ocrx_word' id='word_1_74' title='bbox 1366 632 1755 687; x_wconf 80' lang='lat' dir='ltr'>fragmenta‚eorun-</span> 
     </span>
     <span class='ocr_line' id='line_1_11' title="bbox 385 688 1755 747; baseline 0.001 -19"><span class='ocrx_word' id='word_1_75' title='bbox 385 688 481 729; x_wconf 84' lang='lat' dir='ltr'>dem</span> <span class='ocrx_word' id='word_1_76' title='bbox 519 689 695 746; x_wconf 81' lang='lat' dir='ltr'>plurima</span> <span class='ocrx_word' id='word_1_77' title='bbox 728 688 923 746; x_wconf 82' lang='lat' dir='ltr'>opuscula</span> <span class='ocrx_word' id='word_1_78' title='bbox 964 688 1165 739; x_wconf 85' lang='lat' dir='ltr'>aderant,</span> <span class='ocrx_word' id='word_1_79' title='bbox 1204 705 1389 747; x_wconf 85' lang='lat' dir='ltr'>quaeque</span> <span class='ocrx_word' id='word_1_80' title='bbox 1423 691 1619 746; x_wconf 78' lang='lat' dir='ltr'>temporis</span> <span class='ocrx_word' id='word_1_81' title='bbox 1661 704 1755 746; x_wconf 84' lang='lat' dir='ltr'>pro·</span> 
     </span>
     <span class='ocr_line' id='line_1_12' title="bbox 379 747 1753 805; baseline 0.001 -17"><span class='ocrx_word' id='word_1_82' title='bbox 379 762 512 803; x_wconf 76' lang='lat' dir='ltr'>gressu</span> <span class='ocrx_word' id='word_1_83' title='bbox 536 779 548 798; x_wconf 90' lang='lat'><strong>,</strong></span> <span class='ocrx_word' id='word_1_84' title='bbox 603 758 643 788; x_wconf 86' lang='lat' dir='ltr'>et</span> <span class='ocrx_word' id='word_1_85' title='bbox 672 747 848 805; x_wconf 88' lang='lat' dir='ltr'>sequiori</span> <span class='ocrx_word' id='word_1_86' title='bbox 877 762 976 791; x_wconf 81' lang='lat' dir='ltr'>aevo</span> <span class='ocrx_word' id='word_1_87' title='bbox 1008 747 1152 803; x_wconf 86' lang='lat' dir='ltr'>procul</span> <span class='ocrx_word' id='word_1_88' title='bbox 1182 747 1309 790; x_wconf 85' lang='lat' dir='ltr'>dubio</span> <span class='ocrx_word' id='word_1_89' title='bbox 1340 750 1537 790; x_wconf 82' lang='lat' dir='ltr'>interiere.</span> <span class='ocrx_word' id='word_1_90' title='bbox 1587 750 1643 789; x_wconf 88' lang='lat' dir='ltr'>At</span> <span class='ocrx_word' id='word_1_91' title='bbox 1682 763 1753 789; x_wconf 89' lang='lat' dir='ltr'>un-</span> 
     </span>
     <span class='ocr_line' id='line_1_13' title="bbox 388 805 1753 863; baseline 0 -15"><span class='ocrx_word' id='word_1_92' title='bbox 388 807 532 848; x_wconf 83' lang='lat' dir='ltr'>denam</span> <span class='ocrx_word' id='word_1_93' title='bbox 552 838 563 859; x_wconf 85' lang='lat'>‚</span> <span class='ocrx_word' id='word_1_94' title='bbox 597 816 635 847; x_wconf 84' lang='lat' dir='ltr'>et</span> <span class='ocrx_word' id='word_1_95' title='bbox 666 821 750 862; x_wconf 85' lang='lat' dir='ltr'>qua</span> <span class='ocrx_word' id='word_1_96' title='bbox 771 806 929 847; x_wconf 87' lang='lat' dir='ltr'>ratione</span> <span class='ocrx_word' id='word_1_97' title='bbox 961 805 1202 863; x_wconf 79' lang='lat' dir='ltr'>posteriores</span> <span class='ocrx_word' id='word_1_98' title='bbox 1234 817 1420 849; x_wconf 82' lang='lat' dir='ltr'>auctores</span> <span class='ocrx_word' id='word_1_99' title='bbox 1450 807 1612 863; x_wconf 85' lang='lat' dir='ltr'>deipsis</span> <span class='ocrx_word' id='word_1_100' title='bbox 1642 806 1753 848; x_wconf 81' lang='lat' dir='ltr'>haud</span> 
     </span>
     <span class='ocr_line' id='line_1_14' title="bbox 387 864 1756 908; baseline -0.001 -2"><span class='ocrx_word' id='word_1_101' title='bbox 387 865 643 908; x_wconf 77' lang='lat' dir='ltr'>mentionem</span> <span class='ocrx_word' id='word_1_102' title='bbox 674 865 892 907; x_wconf 73' lang='lat' dir='ltr'>iecerunt?</span> <span class='ocrx_word' id='word_1_103' title='bbox 923 867 1019 907; x_wconf 89' lang='lat' dir='ltr'>Non</span> <span class='ocrx_word' id='word_1_104' title='bbox 1051 865 1129 906; x_wconf 77' lang='lat' dir='ltr'>alia</span> <span class='ocrx_word' id='word_1_105' title='bbox 1162 864 1204 906; x_wconf 88' lang='lat' dir='ltr'>id</span> <span class='ocrx_word' id='word_1_106' title='bbox 1234 864 1478 908; x_wconf 86' lang='lat' dir='ltr'>crediderim</span> <span class='ocrx_word' id='word_1_107' title='bbox 1499 867 1655 907; x_wconf 80' lang='lat' dir='ltr'>ratione</span> <span class='ocrx_word' id='word_1_108' title='bbox 1675 864 1756 905; x_wconf 83' lang='lat' dir='ltr'>fac-</span> 
     </span>
     <span class='ocr_line' id='line_1_15' title="bbox 382 923 1751 980; baseline -0.001 -15"><span class='ocrx_word' id='word_1_109' title='bbox 382 934 509 976; x_wconf 74' lang='lat' dir='ltr'>tum,</span> <span class='ocrx_word' id='word_1_110' title='bbox 545 939 670 980; x_wconf 91' lang='lat' dir='ltr'>quam</span> <span class='ocrx_word' id='word_1_111' title='bbox 728 924 911 980; x_wconf 85' lang='lat' dir='ltr'>ipsorum</span> <span class='ocrx_word' id='word_1_112' title='bbox 943 923 1226 967; x_wconf 78' lang='lat' dir='ltr'>Romanorum</span> <span class='ocrx_word' id='word_1_113' title='bbox 1280 923 1460 976; x_wconf 82' lang='lat' dir='ltr'>invidia,</span> <span class='ocrx_word' id='word_1_114' title='bbox 1520 933 1558 971; x_wconf 78' lang='lat' dir='ltr'>et</span> <span class='ocrx_word' id='word_1_115' title='bbox 1604 924 1751 980; x_wconf 89' lang='lat' dir='ltr'>praeci-</span> 
     </span>
     <span class='ocr_line' id='line_1_16' title="bbox 380 980 1750 1039; baseline 0.001 -17"><span class='ocrx_word' id='word_1_116' title='bbox 380 998 462 1038; x_wconf 85' lang='lat' dir='ltr'>pue</span> <span class='ocrx_word' id='word_1_117' title='bbox 503 982 758 1025; x_wconf 83' lang='lat' dir='ltr'>Graecorum</span> <span class='ocrx_word' id='word_1_118' title='bbox 798 983 1055 1037; x_wconf 86' lang='lat' dir='ltr'>garrulorum</span> <span class='ocrx_word' id='word_1_119' title='bbox 1100 982 1368 1039; x_wconf 87' lang='lat' dir='ltr'>loquacitate,</span> <span class='ocrx_word' id='word_1_120' title='bbox 1404 983 1477 1039; x_wconf 90' lang='lat' dir='ltr'>qui</span> <span class='ocrx_word' id='word_1_121' title='bbox 1510 980 1646 1039; x_wconf 89' lang='lat' dir='ltr'>potius</span> <span class='ocrx_word' id='word_1_122' title='bbox 1680 997 1750 1023; x_wconf 86' lang='lat' dir='ltr'>ve-</span> 
     </span>
     <span class='ocr_line' id='line_1_17' title="bbox 384 1039 1749 1098; baseline 0 -18"><span class='ocrx_word' id='word_1_123' title='bbox 384 1051 533 1083; x_wconf 81' lang='lat' dir='ltr'>tustate</span> <span class='ocrx_word' id='word_1_124' title='bbox 566 1052 627 1082; x_wconf 84' lang='lat' dir='ltr'>tot</span> <span class='ocrx_word' id='word_1_125' title='bbox 658 1039 928 1082; x_wconf 81' lang='lat' dir='ltr'>nobilissimos</span> <span class='ocrx_word' id='word_1_126' title='bbox 959 1051 1176 1094; x_wconf 83' lang='lat' dir='ltr'>auctores,</span> <span class='ocrx_word' id='word_1_127' title='bbox 1212 1051 1353 1098; x_wconf 80' lang='lat' dir='ltr'>totque</span> <span class='ocrx_word' id='word_1_128' title='bbox 1382 1052 1488 1082; x_wconf 84' lang='lat' dir='ltr'>artes</span> <span class='ocrx_word' id='word_1_129' title='bbox 1524 1052 1606 1081; x_wconf 84' lang='lat' dir='ltr'>tam</span> <span class='ocrx_word' id='word_1_130' title='bbox 1640 1055 1749 1095; x_wconf 85' lang='lat' dir='ltr'>egre-</span> 
     </span>
     <span class='ocr_line' id='line_1_18' title="bbox 384 1098 1751 1155; baseline -0.001 -16"><span class='ocrx_word' id='word_1_131' title='bbox 384 1102 464 1153; x_wconf 76' lang='lat' dir='ltr'>gias</span> <span class='ocrx_word' id='word_1_132' title='bbox 496 1109 746 1141; x_wconf 63' lang='lat' dir='ltr'>everterunn</span> <span class='ocrx_word' id='word_1_133' title='bbox 779 1098 878 1151; x_wconf 86' lang='lat' dir='ltr'>Quo</span> <span class='ocrx_word' id='word_1_134' title='bbox 907 1114 1001 1140; x_wconf 86' lang='lat' dir='ltr'>sane</span> <span class='ocrx_word' id='word_1_135' title='bbox 1032 1109 1215 1155; x_wconf 85' lang='lat' dir='ltr'>tempore</span> <span class='ocrx_word' id='word_1_136' title='bbox 1245 1099 1391 1142; x_wconf 84' lang='lat' dir='ltr'>Graeci</span> <span class='ocrx_word' id='word_1_137' title='bbox 1427 1114 1518 1142; x_wconf 88' lang='lat' dir='ltr'>suas</span> <span class='ocrx_word' id='word_1_138' title='bbox 1544 1108 1751 1148; x_wconf 63' lang='lat' dir='ltr'>artes9at-</span> 
     </span>
     <span class='ocr_line' id='line_1_19' title="bbox 382 1156 1751 1215; baseline -0.001 -16"><span class='ocrx_word' id='word_1_139' title='bbox 382 1173 463 1214; x_wconf 86' lang='lat' dir='ltr'>que</span> <span class='ocrx_word' id='word_1_140' title='bbox 493 1158 678 1199; x_wconf 81' lang='lat' dir='ltr'>scientias</span> <span class='ocrx_word' id='word_1_141' title='bbox 719 1156 1067 1208; x_wconf 78' lang='lat' dir='ltr'>introduxerunt,</span> <span class='ocrx_word' id='word_1_142' title='bbox 1104 1171 1238 1199; x_wconf 85' lang='lat' dir='ltr'>eversa</span> <span class='ocrx_word' id='word_1_143' title='bbox 1270 1157 1421 1215; x_wconf 86' lang='lat' dir='ltr'>ubique</span> <span class='ocrx_word' id='word_1_144' title='bbox 1454 1165 1568 1199; x_wconf 82' lang='lat' dir='ltr'>erant</span> <span class='ocrx_word' id='word_1_145' title='bbox 1599 1158 1751 1198; x_wconf 85' lang='lat' dir='ltr'>Tusco-</span> 
     </span>
     <span class='ocr_line' id='line_1_20' title="bbox 381 1225 794 1260; baseline -0.005 -3"><span class='ocrx_word' id='word_1_146' title='bbox 381 1231 475 1260; x_wconf 84' lang='lat' dir='ltr'>rum</span> <span class='ocrx_word' id='word_1_147' title='bbox 513 1225 794 1260; x_wconf 81' lang='lat' dir='ltr'>monumenta.</span> 
     </span>
    </p>

    <p class='ocr_par' dir='ltr' id='par_1_4' title="bbox 376 1273 1748 1739">
     <span class='ocr_line' id='line_1_21' title="bbox 494 1273 1748 1331; baseline -0.003 -15"><span class='ocrx_word' id='word_1_148' title='bbox 494 1275 609 1316; x_wconf 84' lang='lat' dir='ltr'>Haec</span> <span class='ocrx_word' id='word_1_149' title='bbox 639 1289 735 1329; x_wconf 86' lang='lat' dir='ltr'>gens</span> <span class='ocrx_word' id='word_1_150' title='bbox 765 1273 816 1315; x_wconf 84' lang='lat' dir='ltr'>de</span> <span class='ocrx_word' id='word_1_151' title='bbox 845 1289 928 1331; x_wconf 79' lang='lat' dir='ltr'>qua</span> <span class='ocrx_word' id='word_1_152' title='bbox 965 1288 1094 1330; x_wconf 85' lang='lat' dir='ltr'>usque</span> <span class='ocrx_word' id='word_1_153' title='bbox 1113 1274 1237 1317; x_wconf 83' lang='lat' dir='ltr'>modo</span> <span class='ocrx_word' id='word_1_154' title='bbox 1267 1274 1397 1316; x_wconf 85' lang='lat' dir='ltr'>locuti</span> <span class='ocrx_word' id='word_1_155' title='bbox 1423 1288 1564 1315; x_wconf 88' lang='lat' dir='ltr'>sumus</span> <span class='ocrx_word' id='word_1_156' title='bbox 1582 1303 1596 1322; x_wconf 88' lang='lat'><strong>,</strong></span> <span class='ocrx_word' id='word_1_157' title='bbox 1628 1285 1748 1329; x_wconf 55' lang='lat' dir='ltr'>quae,</span> 
     </span>
     <span class='ocr_line' id='line_1_22' title="bbox 384 1331 1747 1390; baseline -0.003 -15"><span class='ocrx_word' id='word_1_158' title='bbox 384 1344 466 1390; x_wconf 86' lang='lat' dir='ltr'>que</span> <span class='ocrx_word' id='word_1_159' title='bbox 497 1343 580 1378; x_wconf 84' lang='lat' dir='ltr'>tam</span> <span class='ocrx_word' id='word_1_160' title='bbox 617 1331 786 1374; x_wconf 75' lang='lat' dir='ltr'>celebris</span> <span class='ocrx_word' id='word_1_161' title='bbox 817 1333 859 1374; x_wconf 89' lang='lat' dir='ltr'>in</span> <span class='ocrx_word' id='word_1_162' title='bbox 892 1331 1005 1374; x_wconf 80' lang='lat' dir='ltr'>Italia</span> <span class='ocrx_word' id='word_1_163' title='bbox 1058 1337 1269 1389; x_wconf 84' lang='lat' dir='ltr'>quondam</span> <span class='ocrx_word' id='word_1_164' title='bbox 1304 1331 1382 1373; x_wconf 90' lang='lat' dir='ltr'>fuit</span> <span class='ocrx_word' id='word_1_165' title='bbox 1405 1345 1629 1388; x_wconf 4' lang='lat' dir='ltr'>,aquaeque</span> <span class='ocrx_word' id='word_1_166' title='bbox 1677 1345 1747 1386; x_wconf 88' lang='lat' dir='ltr'>per</span> 
     </span>
     <span class='ocr_line' id='line_1_23' title="bbox 378 1388 1747 1448; baseline -0.001 -16"><span class='ocrx_word' id='word_1_167' title='bbox 378 1393 494 1446; x_wconf 85' lang='lat' dir='ltr'>plura</span> <span class='ocrx_word' id='word_1_168' title='bbox 525 1391 680 1434; x_wconf 84' lang='lat' dir='ltr'>saecula</span> <span class='ocrx_word' id='word_1_169' title='bbox 711 1390 790 1432; x_wconf 79' lang='lat' dir='ltr'>fuit</span> <span class='ocrx_word' id='word_1_170' title='bbox 824 1391 1058 1443; x_wconf 85' lang='lat' dir='ltr'>dominata,</span> <span class='ocrx_word' id='word_1_171' title='bbox 1089 1406 1214 1448; x_wconf 87' lang='lat' dir='ltr'>usque</span> <span class='ocrx_word' id='word_1_172' title='bbox 1245 1405 1293 1433; x_wconf 86' lang='lat' dir='ltr'>eo</span> <span class='ocrx_word' id='word_1_173' title='bbox 1324 1392 1462 1442; x_wconf 85' lang='lat' dir='ltr'>stetit,</span> <span class='ocrx_word' id='word_1_174' title='bbox 1502 1389 1632 1432; x_wconf 81' lang='lat' dir='ltr'>donec</span> <span class='ocrx_word' id='word_1_175' title='bbox 1664 1388 1747 1431; x_wconf 82' lang='lat' dir='ltr'>Ro-</span> 
     </span>
     <span class='ocr_line' id='line_1_24' title="bbox 376 1448 1743 1508; baseline -0.003 -17"><span class='ocrx_word' id='word_1_176' title='bbox 376 1452 487 1493; x_wconf 90' lang='lat' dir='ltr'>mani</span> <span class='ocrx_word' id='word_1_177' title='bbox 516 1451 736 1508; x_wconf 86' lang='lat' dir='ltr'>imperium</span> <span class='ocrx_word' id='word_1_178' title='bbox 775 1465 847 1506; x_wconf 88' lang='lat' dir='ltr'>per</span> <span class='ocrx_word' id='word_1_179' title='bbox 877 1448 1075 1491; x_wconf 82' lang='lat' dir='ltr'>Italorum</span> <span class='ocrx_word' id='word_1_180' title='bbox 1123 1450 1303 1505; x_wconf 85' lang='lat' dir='ltr'>regiones</span> <span class='ocrx_word' id='word_1_181' title='bbox 1348 1448 1563 1490; x_wconf 83' lang='lat' dir='ltr'>extendere</span> <span class='ocrx_word' id='word_1_182' title='bbox 1607 1461 1743 1504; x_wconf 82' lang='lat' dir='ltr'>coepe·</span> 
     </span>
     <span class='ocr_line' id='line_1_25' title="bbox 378 1505 1747 1566; baseline -0.004 -16"><span class='ocrx_word' id='word_1_183' title='bbox 378 1520 488 1551; x_wconf 85' lang='lat' dir='ltr'>runt.</span> <span class='ocrx_word' id='word_1_184' title='bbox 534 1512 593 1553; x_wconf 79' lang='lat' dir='ltr'>Ex</span> <span class='ocrx_word' id='word_1_185' title='bbox 625 1524 672 1552; x_wconf 89' lang='lat' dir='ltr'>eo</span> <span class='ocrx_word' id='word_1_186' title='bbox 704 1510 784 1550; x_wconf 85' lang='lat' dir='ltr'>iam</span> <span class='ocrx_word' id='word_1_187' title='bbox 817 1519 999 1565; x_wconf 88' lang='lat' dir='ltr'>tempore</span> <span class='ocrx_word' id='word_1_188' title='bbox 1039 1507 1352 1566; x_wconf 85' lang='lat' dir='ltr'>Tyrrhenorum</span> <span class='ocrx_word' id='word_1_189' title='bbox 1384 1507 1568 1562; x_wconf 85' lang='lat' dir='ltr'>Regnum</span> <span class='ocrx_word' id='word_1_190' title='bbox 1590 1505 1667 1547; x_wconf 88' lang='lat' dir='ltr'>fuit</span> <span class='ocrx_word' id='word_1_191' title='bbox 1686 1519 1747 1560; x_wconf 50' lang='lat' dir='ltr'>pe*²</span> 
     </span>
     <span class='ocr_line' id='line_1_26' title="bbox 385 1564 1746 1624; baseline -0.004 -16"><span class='ocrx_word' id='word_1_192' title='bbox 385 1569 495 1611; x_wconf 79' lang='lat' dir='ltr'>nitus</span> <span class='ocrx_word' id='word_1_193' title='bbox 530 1583 749 1621; x_wconf 82' lang='lat' dir='ltr'>eversum,</span> <span class='ocrx_word' id='word_1_194' title='bbox 785 1583 917 1624; x_wconf 88' lang='lat' dir='ltr'>neque</span> <span class='ocrx_word' id='word_1_195' title='bbox 953 1566 1127 1622; x_wconf 84' lang='lat' dir='ltr'>amplius</span> <span class='ocrx_word' id='word_1_196' title='bbox 1156 1566 1261 1609; x_wconf 82' lang='lat' dir='ltr'>iltius</span> <span class='ocrx_word' id='word_1_197' title='bbox 1293 1565 1456 1607; x_wconf 81' lang='lat' dir='ltr'>historia</span> <span class='ocrx_word' id='word_1_198' title='bbox 1491 1564 1608 1606; x_wconf 86' lang='lat' dir='ltr'>nobis</span> <span class='ocrx_word' id='word_1_199' title='bbox 1638 1575 1746 1604; x_wconf 87' lang='lat' dir='ltr'>men-</span> 
     </span>
     <span class='ocr_line' id='line_1_27' title="bbox 384 1622 1742 1683; baseline -0.004 -14"><span class='ocrx_word' id='word_1_200' title='bbox 384 1629 537 1671; x_wconf 75' lang='lat' dir='ltr'>tionem</span> <span class='ocrx_word' id='word_1_201' title='bbox 572 1627 699 1675; x_wconf 80' lang='lat' dir='ltr'>facit,</span> <span class='ocrx_word' id='word_1_202' title='bbox 734 1635 802 1667; x_wconf 83' lang='lat' dir='ltr'>aut</span> <span class='ocrx_word' id='word_1_203' title='bbox 836 1628 867 1668; x_wconf 89' lang='lat' dir='ltr'>si</span> <span class='ocrx_word' id='word_1_204' title='bbox 903 1636 1039 1683; x_wconf 88' lang='lat' dir='ltr'>postea</span> <span class='ocrx_word' id='word_1_205' title='bbox 1074 1635 1255 1667; x_wconf 83' lang='lat' dir='ltr'>auctores</span> <span class='ocrx_word' id='word_1_206' title='bbox 1273 1623 1324 1666; x_wconf 89' lang='lat' dir='ltr'>de</span> <span class='ocrx_word' id='word_1_207' title='bbox 1353 1623 1552 1680; x_wconf 41' lang='lat' dir='ltr'>Etcuscis,</span> <span class='ocrx_word' id='word_1_208' title='bbox 1575 1622 1742 1681; x_wconf 74' lang='lat' dir='ltr'>scripse;</span> 
     </span>
     <span class='ocr_line' id='line_1_28' title="bbox 385 1681 1432 1739; baseline -0.006 -10"><span class='ocrx_word' id='word_1_209' title='bbox 385 1703 457 1739; x_wconf 79' lang='lat' dir='ltr'>re,</span> <span class='ocrx_word' id='word_1_210' title='bbox 494 1686 629 1729; x_wconf 84' lang='lat' dir='ltr'>omnia</span> <span class='ocrx_word' id='word_1_211' title='bbox 671 1684 957 1728; x_wconf 80' lang='lat' dir='ltr'>Romanorum</span> <span class='ocrx_word' id='word_1_212' title='bbox 992 1683 1146 1727; x_wconf 84' lang='lat' dir='ltr'>invidia</span> <span class='ocrx_word' id='word_1_213' title='bbox 1177 1681 1432 1726; x_wconf 86' lang='lat' dir='ltr'>intercidere.</span> 
     </span>
    </p>
   </div>
  </div>
 </body>
</html>
