1920 2579
1508 126 1562 165 33

209 189 357 249 templa
381 222 392 242 ,
428 187 613 242 theatra,
649 188 775 229 circus
800 219 812 237 ‚
844 186 1121 245 aquaeductus
1143 216 1154 236 ,
1185 192 1224 225 et
1258 183 1328 226 alia
1354 182 1394 225 id
1426 197 1564 238 genus,

198 266 301 308 quae
348 248 617 304 undequaque
669 263 739 303 per
791 245 910 287 urbes
942 245 1116 300 singulas
1150 245 1380 287 excitarunt
1425 240 1563 282 iidem.

199 314 243 351 ln
278 308 340 348 his
371 306 476 348 euim
508 320 634 361 quam
669 319 806 360 magna
827 335 839 354 ‚
871 314 909 344 et
941 305 1083 344 eximia
1113 305 1211 344 ariis
1260 316 1388 359 opera„
1427 300 1467 340 in
1501 313 1567 338 ex-

200 365 395 408 struendo
426 366 720 420 praesetulere!
755 365 809 404 At
844 368 938 418 pr'ae
970 363 1129 404 cunctis
1162 362 1248 402 aliis
1298 373 1426 401 unum
1478 369 1565 415 pro·

200 428 327 475 fecto,
363 430 530 479 propter
562 422 676 477 quod
709 423 836 462 Roma
855 420 928 460 sibi
966 422 1134 475 gloriam
1156 421 1372 462 maximam
1406 428 1564 472 compa·

199 484 330 533 ravit,
367 490 405 521 et
437 478 487 518 ad
520 479 811 534 magnitudinis
845 478 968 520 veluti
1004 479 1208 533 fastigium
1232 477 1413 534 pervenit
1444 509 1456 528 ,
1489 473 1567 515 fuit

197 540 332 597 Appia
365 552 509 593 nempe
543 538 632 587 via,
665 538 716 579 ad
748 553 871 593 quam
908 536 1166 579 sternendam
1190 545 1381 591 sumptus
1416 537 1564 576 insum-

200 601 278 655 psit
310 610 562 654 permagnos.
596 596 706 638 Haee
736 595 842 637 enim
872 606 915 637 ut
946 595 1039 636 alias
1062 606 1326 652 praeteream,
1363 593 1443 635 fuit
1472 607 1567 651 quo·

204 658 261 698 vis
292 670 392 696 aevo
425 652 631 696 celebrata.
1358 656 1360 658 “

313 713 499 754 Primum
531 713 682 754 isthaec
712 713 900 754 laudibus
951 723 1169 757 exornatur
1215 727 1235 752 a
1269 711 1423 752 cunctis
1455 719 1568 751 vetu-

203 771 272 813 stis
303 769 569 825 scriptoribus
600 773 670 827 qui
705 772 853 825 passim
885 771 997 811 illam
1029 769 1311 825 magnificam,
1336 779 1374 808 et
1395 768 1574 810 nobilem

201 826 458 871 salutarunt:
493 830 596 869 inter
627 839 811 881 ceteros,
845 829 915 884 qui
948 828 999 867 de
1032 828 1096 868 illa
1129 828 1380 868 mentionem
1414 826 1569 877 fecere,

204 888 282 927 fuit
315 884 461 925 Strabo
494 882 561 924 lib.
597 889 652 927 V.
685 885 836 938 Geogr·
872 886 943 939 qui
976 885 1080 924 hauc
1125 883 1485 938 praeclarissimam
1503 898 1573 939 ap-

206 943 358 999 pellat,
393 950 432 980 et
462 941 613 982 Statius
643 942 710 982 lib.
745 941 795 984 Il.
828 942 927 982 Silv.
961 956 994 981 c.
1030 956 1052 980 2
1088 955 1124 979 v,
1152 954 1199 980 12
1221 943 1277 980 sic
1325 942 1459 981 canit:

380 1030 390 1040 .
528 1030 537 1040 .
599 1030 608 1039 .
748 1030 758 1041 .
821 1029 829 1038 .
861 1002 950 1053 Qua
979 1000 1103 1040 limite
1139 1007 1233 1039 noto

324 1056 462 1112 Appia
485 1059 705 1112 longarum
742 1061 884 1100 teritur
917 1062 1057 1112 regina
1095 1060 1253 1099 viarum.

204 1115 385 1160 Huiusce
434 1118 519 1157 viae
565 1127 773 1157 auctorem
805 1116 917 1159 iuxta
948 1130 1089 1157 omues
1125 1116 1308 1171 Appium
1356 1114 1577 1157 Claudium

205 1173 384 1215 Coecum
433 1174 598 1216 nomine
646 1174 767 1215 fuisse
813 1186 1099 1226 memoratur,
1145 1175 1216 1230 qui
1262 1189 1284 1214 a
1325 1189 1399 1215 suo
1444 1177 1578 1214 nomi·-

209 1247 260 1274 ne
307 1231 494 1289 Appiam
542 1233 647 1273 fecit.
698 1235 823 1275 Extat
870 1232 981 1290 apud
1026 1234 1256 1276 Gruterum
1301 1247 1391 1289 pag.
1456 1232 1575 1274 MCI.

204 1290 333 1346 lapis,
367 1305 413 1331 ex
445 1307 528 1348 quo
564 1291 748 1347 Appium
795 1292 1019 1334 Claudium
1066 1291 1190 1347 ipsius
1237 1291 1324 1332 viae
1367 1301 1580 1332 auctorem

205 1348 328 1394 fuisse
359 1352 533 1393 eruitur.
567 1350 678 1392 Haec
697 1364 793 1392 vero
811 1352 873 1391 via
906 1351 1094 1406 incoepta
1113 1359 1170 1390 est
1183 1362 1291 1391 anuo
1315 1349 1578 1394 CCCCXLI.

203 1406 259 1450 V.
289 1405 341 1448 C.
374 1407 489 1450 quta
523 1408 714 1450 Tacitum
747 1410 896 1451 Annal.
929 1408 1000 1450 lib·
1035 1410 1083 1450 n.
1115 1422 1145 1448 c·
1177 1408 1233 1450 30
1266 1409 1446 1464 aliosque
1477 1421 1580 1449 uon-

207 1463 340 1506 nullos
371 1465 422 1507 ab
454 1466 599 1509 eodem
631 1465 809 1508 Claudio
843 1467 983 1524 Appio
1016 1466 1226 1519 creditur,
1257 1467 1363 1507 hanc
1396 1465 1582 1523 Capuam

206 1537 334 1580 usque
365 1525 476 1565 silice
508 1536 674 1567 stratam
707 1524 828 1567 fuisse
848 1557 860 1577 ‚
894 1539 978 1567 non
1012 1540 1108 1567 vero
1142 1524 1434 1566 Brundusium.
1470 1525 1582 1566 Haec

204 1581 314 1622 enim
348 1584 412 1623 via
443 1599 493 1626 eo
527 1583 695 1639 quidem
731 1593 918 1641 tempore
950 1583 1030 1625 suit
1058 1593 1196 1640 aperta
1216 1614 1228 1635 ,
1260 1598 1343 1640 quo
1387 1583 1581 1626 Samniti-

204 1654 304 1680 cum
335 1639 468 1682 adhuc
498 1641 654 1682 bellum
690 1657 934 1698 persaevum
968 1641 1267 1692 exardescebat,
1298 1657 1392 1684 cum
1411 1657 1494 1684 non
1528 1643 1584 1683 ul·

207 1708 283 1739 trae
300 1697 486 1754 Capuam
519 1711 619 1741 tunc
651 1702 848 1757 temporis
881 1700 1058 1745 Romani
1089 1701 1434 1756 protenderentur
1466 1699 1581 1753 fines;

209 1754 372 1795 hincne
404 1757 660 1813 reipublicae
692 1769 820 1800 status
851 1759 992 1800 alienis
1025 1769 1248 1814 patesceret
1278 1759 1486 1813 gentibus,
1501 1760 1583 1799 huc

209 1826 337 1867 nsque
368 1812 448 1853 fuit
478 1814 694 1868 producta.
727 1817 832 1856 Sunt
861 1817 933 1871 qui
966 1815 1149 1857 scribunt
1170 1845 1182 1866 ,
1216 1826 1301 1855 ute
1332 1817 1475 1856 ceteris
1491 1818 1586 1858 Plu-

207 1869 371 1910 tarchus
408 1872 448 1912 in
482 1873 664 1914 Graccho
687 1873 797 1913 hunc
831 1888 972 1928 reapse
989 1872 1219 1915 confecisse.
1255 1872 1336 1915 Alii
1369 1873 1586 1916 Caesarem

206 1927 442 1982 Augustum
479 1930 690 1986 perfecisse
727 1932 1011 1983 contendunt,
1041 1929 1112 1971 sed
1148 1931 1367 1973 Suetonius
1422 1932 1464 1972 in
1500 1934 1586 1974 eius

209 1985 305 2027 Vita
341 1999 376 2026 c.
410 1991 493 2040 30,
532 1988 642 2029 hunc
674 1992 974 2045 Imperatorem
1009 2003 1114 2044 opus
1150 1989 1367 2031 absolvisse
1399 1999 1585 2032 testatur.

210 2042 375 2098 Lipsius
394 2047 434 2086 in
469 2048 517 2087 Π.
551 2046 648 2089 Tac.
680 2047 828 2089 Annal.
860 2062 894 2087 e.
932 2058 986 2105 74
1020 2058 1161 2089 utrum
1192 2064 1213 2088 a
1233 2047 1280 2089 C.
1315 2047 1513 2101 Graccho,
1533 2064 1587 2090 an

206 2116 229 2140 a
265 2100 433 2145 Caesare
469 2106 654 2161 Augusto
691 2107 827 2161 Appia
863 2121 886 2149 a
922 2107 1063 2163 Capua
1082 2105 1131 2146 ad
1147 2107 1425 2151 Beneventum
1443 2123 1573 2165 usque

205 2159 408 2215 producta
441 2162 594 2215 fuerit,
636 2163 806 2205 dubitat.
846 2165 901 2207 At
931 2164 1142 2208 Lecterius
1179 2165 1342 2207 Antich.
1381 2165 1423 2208 di
1461 2169 1581 2209 Sues-

210 2219 292 2258 sola
330 2231 433 2274 part,
472 2226 492 2264 Ι
518 2239 554 2266 c.
600 2236 645 2265 10
678 2237 722 2264 ex
760 2222 975 2266 eruderato
995 2237 1198 2267 marmore
1219 2223 1406 2266 milliario
1427 2225 1465 2265 in
1486 2226 1583 2270 hor-2

209 2279 259 2317 us
297 2276 524 2323 Maffeianis
561 2296 690 2343 prope
725 2296 876 2340 pagum
911 2283 1033 2339 vulgo
1061 2283 1230 2327 Forchz'a
1258 2283 1363 2325 clare
1402 2285 1536 2336 eruit,
1560 2300 1582 2324 a

329 2334 476 2384 T-J.
1268 2343 1295 2387 6

1605 701 1690 736 Appia
1712 702 1764 729 via·
