1961 2574
177 181 291 212 turae
319 177 485 209 auctore
515 164 622 208 bona
653 164 804 207 donata
834 165 986 207 fuere?
1016 166 1110 209 Iure
1125 164 1354 223 meritoque
1385 182 1544 210 memo-

178 239 293 271 ratur
323 227 546 268 Promissae
577 227 756 277 Terrae,
793 239 862 266 seu
895 224 1141 267 Palaestinae
1174 225 1214 266 in
1246 227 1368 267 sacris
1401 227 1546 269 Literis

180 285 431 328 foecunditas
451 316 466 336 ,
501 299 607 342 quae
638 286 739 326 lacte
771 294 894 340 atque
925 284 1044 325 melle
1077 285 1258 326 manavit
1278 284 1453 343 ubique3
1488 296 1548 326 tot

180 344 301 387 urbes
332 345 374 385 in
407 358 452 385 eo
485 345 572 385 solo
604 342 816 401 quondam
848 342 1069 384 extiterunt
1091 378 1105 397 ,
1138 343 1208 384 sed
1238 342 1350 386 illam
1391 355 1548 401 praeter

181 403 306 445 totius
336 402 567 445 mundanae
598 400 871 444 universitatis
901 402 1012 457 regio
1046 401 1157 443 nulla
1197 401 1330 444 aderit
1373 418 1548 461 quacum

178 473 359 505 nostram
391 462 659 517 Campaniam
692 461 826 503 ausim
855 475 1110 518 comparare.

297 523 407 577 Ager
439 535 534 563 vero
567 523 802 577 Campanus
832 519 1004 562 floribus
1033 535 1393 578 quarumcumque
1423 521 1550 564 abun·
1626 526 1721 551 Hm*-

180 580 252 621 dat
281 581 538 637 specierum,
570 590 608 621 et
640 580 742 621 rosis
773 579 1023 637 praesertim.
1042 580 1271 636 Campanas
1306 581 1413 621 enim
1437 597 1553 637 prae-

183 639 301 697 cipue
320 671 333 690 ,
364 654 491 694 aeque
523 654 570 680 ac
601 641 815 681 Paestanas
847 637 988 680 laudat
1020 639 1221 681 Martialis
1254 639 1324 681 lib.
1350 638 1418 682 lX.
1453 641 1553 697 Epi-

188 713 247 751 gr.
284 696 568 753 612Hibern0
600 699 837 753 praesertim
867 708 1052 755 tempore
1084 707 1196 739 tanta
1228 708 1314 740 erat
1347 713 1554 748 rosarum,

187 755 444 811 aliorumque
489 754 642 797 florufn
686 757 728 796 in
761 757 986 812 Campania
1009 755 1201 809 ubertas,
1235 767 1282 798 ut
1327 759 1556 814 AEgyptum

187 814 470 854 aemularetur.
505 813 655 854 Merito
685 828 783 855 vero
813 814 913 856 haec
944 815 1055 869 regio
1087 813 1212 857 Felix
1262 814 1383 855 dicta.
1431 816 1556 860 ωηι-

185 885 387 926 panor-um
419 871 529 910 enim
562 871 794 911 felicitatem
826 871 947 924 longo
995 881 1184 925 tempore
1215 871 1456 927 perdurasse
1501 885 1557 914 te-

183 937 313 968 statur
349 927 489 966 Livius
522 926 591 967 lib.
623 927 760 968 XXIII
792 941 827 969 c.
862 939 888 966 2
922 940 1019 967 cum
1050 926 1101 967 de
1135 932 1443 983 oppugnatione
1493 948 1560 972 ur-

184 985 246 1026 bls
277 984 469 1038 Neapolis
501 984 552 1025 ab
582 983 813 1025 Hannibale
830 983 1016 1025 instituta
1032 983 1158 1028 verba
1178 985 1285 1026 facit.
1304 990 1413 1029 Hinc
1437 990 1558 1030 etiam

183 1053 246 1085 tot
274 1042 465 1084 laudibus
496 1044 547 1083 ab
579 1043 758 1098 antiquis
790 1041 1064 1099 praedicatur.
1083 1042 1244 1085 Tullius
1261 1057 1362 1087 orat.
1399 1045 1438 1087 ΙΙ
1459 1062 1559 1088 con-

183 1112 246 1143 tra
278 1101 448 1143 Rullum
481 1104 688 1145 num.>28
720 1102 776 1142 sic
808 1100 976 1142 scribit:
1004 1117 1162 1158 Agrum
1216 1107 1462 1162 Campanum
1497 1123 1561 1148 or*-

185 1163 246 1202 bis
274 1170 464 1203 terrarum
487 1163 793 1217 pulcherrimum
807 1195 823 1216 ‚
844 1169 885 1203 et
905 1164 1083 1219 Capuam
1103 1163 1237 1205 urbem
1253 1165 1530 1221 amplissimam
1547 1202 1560 1220 ‚

186 1230 306 1277 atque
342 1225 628 1263 ornatissimam
668 1236 764 1263 esse:
797 1220 937 1263 Livius
968 1220 1037 1262 lib.
1057 1221 1173 1264 VllI.
1193 1224 1428 1280 Campanos
1454 1239 1562 1266 com-

186 1278 354 1320 mendat
385 1283 491 1336 quod
519 1296 661 1334 agrum
710 1282 854 1322 Italiae
900 1281 1162 1334 uberrimum,
1212 1291 1251 1324 et
1291 1280 1428 1325 urbem
1463 1298 1562 1341 agro

188 1340 352 1393 dignam
383 1341 638 1396 possiderent.
683 1341 746 1380 Ita
777 1340 899 1381 etiam
932 1335 1053 1381 Silius
1084 1339 1154 1382 lib.
1188 1340 1301 1383 VIII.
1332 1357 1383 1383 ne
1418 1341 1469 1382 ad
1503 1359 1565 1384 ra-

187 1399 271 1437 vim
303 1412 433 1453 usque
464 1399 611 1440 dicam.
646 1397 772 1453 Quod
804 1399 837 1440 si
868 1407 931 1441 tot
962 1400 1147 1442 encomia
1179 1401 1262 1455 agri
1285 1400 1487 1458 Campani
1523 1403 1564 1442 in

188 1454 374 1497 medium
406 1458 554 1499 afferre
586 1458 760 1511 vellem,
791 1456 979 1516 proiecto
1011 1473 1100 1500 rem
1132 1458 1370 1500 historicam
1403 1461 1443 1501 iu
1479 1460 1563 1501 lon·

188 1529 284 1569 gum
321 1516 630 1570 protraherem3
661 1531 787 1572 qnare
819 1515 871 1558 de
900 1515 1135 1571 fructibus,
1160 1528 1199 1558 et
1217 1519 1389 1561 aliarum
1423 1535 1563 1561 rerum

191 1573 337 1630 eopia,
373 1584 412 1615 et
443 1574 693 1616 abundantia
724 1577 877 1632 raptim
908 1575 1031 1619 verba
1064 1575 1273 1618 faciemus.

308 1634 529 1674 Neminem
561 1633 666 1689 ‘fugit
698 1645 901 1691 quantum
933 1633 985 1675 ab
1016 1635 1193 1692 antiquis
1237 1636 1458 1679 Falernum
1507 1638 1563 1677 ri·
1722 1688 1727 1696 .

193 1705 292 1730 num
326 1690 449 1733 fuerit
479 1692 705 1735 laudatum.
738 1694 794 1735 Et
828 1709 870 1734 re
901 1692 1071 1750 quidem
1102 1710 1194 1736 vera
1218 1696 1297 1737 hoc
1329 1697 1391 1737 vel
1440 1698 1560 1738 maxi·
1584 1682 1799 1747 ‘'hmnznifles‘

195 1762 260 1787 me
290 1747 340 1788 ab
370 1750 444 1790 illis
468 1781 479 1801 ‚
511 1761 551 1791 et
583 1753 799 1808 praecipue
832 1768 854 1792 a
888 1753 1019 1807 poetis
1050 1753 1129 1794 fuit
1160 1756 1436 1795 aestimatum:
1456 1771 1563 1795 unus

197 1820 292 1862 prae
323 1808 462 1848 ceteris
495 1810 604 1848 canit
635 1810 831 1864 Virgilius
865 1810 1017 1865 Georg.
1050 1811 1105 1852 11.
1138 1826 1174 1851 v.
1210 1814 1279 1865 95.

344 1894 354 1904 .
565 1900 574 1909 .
637 1898 646 1907 .
679 1872 733 1909 Et
765 1885 843 1923 quo
875 1877 915 1910 te
945 1873 1122 1912 carmine
1152 1871 1283 1912 dicam

343 1924 580 1968 Rhaetica!
610 1941 681 1967 nec
712 1928 821 1967 cellis
853 1927 941 1981 ideo
973 1930 1163 1973 contende
1196 1931 1384 1972 Falernis.

198 1982 416 2024 Neminem
457 1984 587 2025 'etiam
633 1984 826 2040 praeterit
857 1984 935 2027 hoc
983 1987 1126 2030 vinum
1162 1988 1252 2044 plus
1283 1989 1568 2046 quaniceteris

198 2041 435 2096 pen·plures
488 2057 616 2084 annos
663 2043 714 2084 ab
764 2045 942 2100 antiquis
993 2057 1292 2088 conservatum.
1342 2048 1451 2089 Hinc
1483 2062 1567 2103 quo

197 2100 389 2142 annosius
422 2111 506 2143 erat
537 2102 784 2154 Falernum,
819 2117 865 2144 eo
896 2105 1024 2161 pluris
1055 2105 1344 2148 aestimabatur
1366 2139 1376 2158 ‚
1426 2117 1465 2147 et
1524 2106 1570 2146 il-

197 2156 269 2199 lud
301 2160 413 2215 quod
445 2175 597 2217 paucos
629 2177 700 2217 per
732 2177 861 2204 annos
895 2163 1133 2206 servabatur
1154 2197 1169 2217 ‚
1207 2166 1378 2207 minoris
1398 2163 1574 2206 habeba-

198 2225 279 2258 tur.
311 2219 426 2273 Quid
457 2234 555 2262 vero
588 2220 722 2263 dicam
755 2221 806 2262 de
838 2223 1034 2265 Coecubo
1068 2225 1241 2266 Falerno
1264 2226 1430 2267 forsitan
1456 2238 1569 2276 prae·

202 2276 399 2334 stamius,
432 2289 474 2324 et
504 2282 736 2337 generosius
751 2286 772 2332 ,J
803 2282 854 2325 de
882 2282 962 2330 hoc
995 2283 1129 2327 innuit
1158 2282 1314 2369 Plipius
1345 2284 1414 2326 lib.
1450 2283 1567 2325 le„
