1920 2579
350 103 523 191 Eiiciasse
556 158 683 201 usque
715 144 1037 187 Beneventum:
1066 142 1364 186 Illustrissimus
1410 144 1597 200 Lupolus
1648 145 1728 188 Iter

345 208 503 249 Venus·
553 219 639 261 pag·
692 203 788 246 302.
835 200 992 259 lapides
1040 204 1178 261 plures
1224 204 1360 259 legisse
1405 204 1574 258 scribi13
1622 206 1730 248 inter

355 266 455 310 alios
482 265 596 308 hunc
626 259 781 302 affert:

670 377 771 421 IMP
808 409 817 420 .
849 376 1070 423 CAESAR
1101 411 1110 421 .
1145 379 1272 423 DIVI
1305 411 1315 420 .
1355 380 1389 421 F
1424 410 1436 422 .

705 436 1020 481 AUGUSTUS
1039 465 1060 479 ..
1085 439 1231 482 CAES
1280 439 1344 481 XI
1365 471 1375 482 .

727 494 858 539 TRIB
886 528 896 539 .
927 497 1143 541 POTEST
1173 529 1185 540 .
1217 495 1296 539 VII
1329 527 1338 538 .

961 616 1003 656 S.
1065 614 1114 656 C.

992 734 1109 778 XIV.

472 853 555 896 Alii
587 854 710 895 etiam
738 850 1009 907 Imperatores
1052 851 1095 893 id
1128 850 1249 893 etia'm
1295 851 1532 895 effecerunt.
1578 853 1737 896 Notata

356 928 457 959 vero
491 913 661 968 dignum
691 920 773 963 est,
804 910 975 952 eandem
1011 910 1119 953 viam
1150 909 1201 951 ab
1239 910 1324 952 aliis
1356 923 1572 966 extensam,
1598 923 1637 954 et
1672 928 1734 954 re-

358 982 625 1019 restauratam
658 970 768 1012 idem
811 969 1001 1012 habuisse
1047 983 1212 1011 nomen.
1256 968 1353 1011 Iure
1393 973 1539 1013 merito
1575 971 1735 1013 Statius

362 1031 461 1074 silv,
493 1029 566 1072 lib.
597 1030 649 1072 II.
681 1044 716 1070 e.
750 1041 777 1069 2
810 1044 849 1073 v.
889 1042 942 1070 12
983 1027 1151 1070 eandem
1190 1028 1365 1084 appellat
1414 1030 1572 1071 viarum
1620 1029 1737 1084 Regi-

358 1105 483 1139 nam,
515 1103 621 1145 quae
653 1089 758 1130 inter
792 1101 936 1130 omnes
966 1087 1062 1132 alias
1094 1102 1172 1128 una
1204 1086 1464 1132 celeberrima
1484 1120 1499 1142 ,
1544 1100 1582 1133 et
1619 1087 1735 1129 nobi-

359 1149 511 1191 lissima
541 1147 621 1192 fuit
642 1163 662 1198 ,-

481 1295 806 1308 ........
844 1264 944 1321 Qua
975 1265 1110 1307 limite
1149 1275 1256 1308 noto

480 1323 632 1380 Appia
669 1325 902 1383 longarum
935 1328 1082 1366 teritur
1118 1325 1289 1382 Regina
1325 1325 1506 1368 viarum.

482 1440 707 1497 Procopius
740 1439 790 1482 de
823 1440 937 1481 Bello
975 1440 1104 1483 Goth.
1136 1439 1210 1483 lib.
1251 1456 1337 1484 1.c.
1382 1445 1431 1495 14
1465 1445 1570 1484 hanc
1589 1441 1739 1484 miran-

368 1501 471 1544 dum
502 1500 545 1540 in
588 1498 767 1542 modum
795 1498 1023 1553 describit,
1054 1500 1323 1557 omniumque
1354 1501 1613 1557 spectabilem
1646 1501 1740 1542 fuis-

367 1575 409 1601 se
441 1559 496 1599 ait
517 1589 532 1609 ,
569 1574 675 1615 quae
710 1559 880 1600 molares
911 1557 1064 1615 lapides
1107 1559 1209 1599 adeo
1265 1561 1485 1616 praeduros
1537 1560 1712 1602 habebat
1733 1591 1743 1611 ‚

369 1627 416 1659 ut
452 1631 525 1658 sua
557 1626 686 1658 aetate
715 1627 806 1674 post
837 1626 898 1658 tot
948 1617 1103 1658 saecula
1137 1617 1271 1658 adhuc
1292 1619 1434 1673 integri
1473 1619 1707 1660 viderentur
1727 1650 1739 1667 ‚

370 1675 474 1717 nihil
506 1674 764 1717 obstantibus
800 1674 1020 1726 curribus,
1085 1691 1129 1716 ac
1182 1675 1367 1731 plaustris
1418 1678 1592 1728 aeratis,
1642 1691 1746 1732 quae

371 1734 697 1789 frequentissime
730 1732 872 1783 ibant,
904 1733 1184 1791 redibantque.
1220 1735 1545 1777 Guicciardinius
1569 1738 1746 1778 Mercur.

371 1791 519 1850 Camp.
557 1808 645 1848 pag.
679 1794 762 1835 268
796 1802 1015 1849 postquam
1054 1792 1103 1834 de
1136 1793 1442 1836 Minturnarum
1479 1796 1604 1836 ruinis
1652 1795 1746 1834 satis

371 1849 478 1893 belle
509 1851 588 1892 fuit
619 1851 806 1903 locutus,
840 1850 952 1908 apud
984 1867 1107 1908 quam
1144 1851 1287 1893 urbem
1356 1854 1485 1909 Appia
1538 1853 1743 1907 pervenie-

373 1909 472 1960 bat,
508 1910 564 1949 ita
593 1909 644 1950 de
672 1910 814 1951 eadem
861 1908 1095 1966 subiungit:
1148 1910 1326 1968 Longus
1352 1921 1454 1966 post
1502 1913 1602 1953 illas
1623 1943 1633 1963 ‚
1689 1911 1750 1952 ad

379 1967 526 2012 VIII.
563 1967 633 2012 M.
671 1968 723 2009 P.
753 1982 1024 2023 procurrens
1052 1969 1227 2025 Appiae
1275 1985 1373 2011 sese
1410 1969 1536 2026 offert
1571 1981 1746 2011 trames.

378 2027 676 2069 Romanorum
720 2028 955 2082 potentiam
977 2059 990 2078 ‚
1021 2037 1108 2068 utut
1141 2044 1168 2068 a
1222 2028 1515 2085 magnitudine
1546 2028 1738 2083 imperii,

379 2095 452 2126 aut
493 2086 548 2127 ab
583 2084 887 2140 aedificiorum
953 2087 1138 2127 laxitate
1187 2089 1405 2128 coniicere
1447 2088 1628 2142 possis,
1689 2087 1748 2127 ad

380 2153 604 2198 aspectum
627 2175 641 2195 ,
685 2144 817 2186 crede
852 2144 989 2196 mihi,
1027 2145 1153 2186 unius
1186 2145 1362 2200 Appiae
1383 2176 1397 2195 ,
1452 2159 1535 2184 non
1592 2157 1744 2200 poten·

381 2201 466 2242 tiae
487 2237 502 2258 ,
537 2201 620 2243 sed
643 2205 726 2255 fas
762 2202 816 2244 sit
849 2202 1025 2254 dicere,
1063 2203 1398 2258 omnipotentiae
1427 2204 1501 2244 tibi
1516 2218 1746 2261 argumen-

383 2268 471 2303 tum
511 2262 711 2308 obveniet.
753 2261 869 2318 Quot
900 2271 1069 2304 montes
1097 2262 1358 2312 eviscerati,
1395 2271 1496 2321 quot
1529 2264 1739 2314 omnium,
