1920 2579
1464 131 1544 185 137

166 215 294 246 annos
322 215 468 258 nempe
500 196 814 242 MDCCCXIII.
847 205 1005 254 partem
1037 193 1149 237 urbis
1179 190 1354 234 maxima
1372 190 1545 231 celerita-

167 273 207 304 te
230 294 241 314 ‚
273 273 396 319 atque
427 259 596 301 summis
640 256 831 313 impensis
864 253 1139 296 effodiendam
1162 266 1301 294 rursus
1335 248 1414 290 fuit
1433 263 1546 290 cura-

168 332 273 362 tum.
304 321 492 362 Primum
524 317 786 358 moeniorum
824 314 1002 356 ambitus
1035 312 1170 355 omnis
1201 310 1251 350 ad
1269 319 1446 366 quatuor
1468 308 1546 348 cir-

169 380 267 420 citer
296 378 478 420 milliaria
501 392 515 429 ς,
551 375 648 416 hinc
679 374 1073 430 Amphitheatrum‚
1108 382 1148 413 et
1178 369 1293 426 plura
1334 365 1446 424 opidi
1485 378 1551 407 ae-'

168 437 302 478 dificia
337 436 527 493 publica,
565 445 604 475 et
638 435 794 489 privata
826 448 920 475 cum
954 431 1040 473 aliis
1083 431 1183 482 viis,
1232 438 1270 470 et
1314 426 1549 483 praesertim

172 495 394 552 sepulchris
414 526 425 544 ‚
458 508 564 550 quae
595 503 691 533 sunt
724 493 769 539 in?
800 494 861 535 via
893 489 1138 547 sepulchrali
1159 498 1268 530 extra
1292 486 1436 527 urbem
1454 501 1550 527 cum

175 554 349 610 Aug-usti
383 553 528 593 Felicis
560 550 755 593 suburbii
788 561 902 607 parte
933 551 1049 591 suere
1083 555 1282 592 excavata.
1316 546 1403 586 Nos
1451 544 1553 585 inte-

173 618 251 653 rim
284 626 368 668 quo
397 623 490 653 ante
520 610 683 652 lectoris
716 610 856 652 oculos
888 619 952 652 tot
988 605 1165 665 pretiosa
1204 613 1472 646 monumenta
1489 618 1553 643 us-

173 666 253 726 que
285 670 412 712 modo
459 670 616 711 detecta
651 668 913 711 exhibeamus
935 700 948 719 ,
986 666 1223 709 minutatim
1260 664 1311 704 de
1366 664 1452 703 istis
1487 661 1549 703 di-

175 743 348 780 cemus,
385 739 425 769 et
458 730 640 785 primum
684 727 735 768 de
778 727 1021 784 sepulchrali
1059 727 1123 767 via
1156 723 1343 766 omnium
1382 724 1554 778 Pompe-

178 789 366 830 ianarum
385 802 520 829 rerum
557 784 819 829 nobilissima-

294 845 430 887 Restat
462 846 583 900 igitur
615 843 714 885 haec
745 844 809 884 via
841 853 950 885 extra
982 842 1095 885 urbis
1124 841 1387 899 pomoerium
1409 872 1423 892 ,
1477 837 1540 882 eii-

177 919 255 962 que
289 921 310 945 c
342 904 502 957 regione
553 902 681 958 ipsius
715 902 828 942 urbis
875 912 1051 956 portae,
1104 915 1186 955 qua
1231 900 1540 941 Herculaneum

177 963 375 1002 adibatur.
411 960 587 1000 Mediam
623 958 730 999 viam
762 960 1005 999 intersecant
1036 966 1215 1014 utroque
1246 956 1373 998 latere
1425 958 1554 1013 sepul·

184 1020 294 1072 ebra,
325 1033 505 1075 quorum
536 1033 629 1074 pars
658 1026 796 1059 manet
825 1017 962 1059 adhuc
1001 1025 1139 1058 tecta:
1181 1015 1244 1058 via
1295 1017 1418 1071 paulo
1450 1016 1555 1058 infe-

188 1079 272 1122 rius
304 1087 452 1131 restat3
485 1093 579 1118 nam
609 1076 708 1118 urbs
740 1091 864 1132 supra
884 1090 1064 1133 >parvam
1096 1073 1238 1117 aderat
1269 1074 1549 1129 altitudinem,

186 1140 243 1180 ita
274 1147 321 1180 ut
351 1152 399 1179 ex
429 1135 670 1192 sepulchrali
698 1135 763 1181 via
813 1135 855 1180 in
909 1135 1057 1179 urbem
1104 1133 1233 1176 clivus
1275 1144 1389 1176 esset.
1437 1134 1555 1177 Nihil

189 1195 446 1255 spectabilius
464 1195 720 1252 Pompeianis
749 1194 859 1236 hisce
876 1194 1167 1238 monumentis.
1185 1195 1346 1237 Notum
1363 1204 1422 1236 est
1441 1193 1555 1252 apud

181 1258 370 1315 antiquos
403 1257 662 1310 usuvenisse,
695 1266 808 1298 extra
840 1256 985 1299 urbem
1016 1254 1214 1297 cadavera
1245 1253 1448 1298 humare:
1481 1256 1571 1313 qui.

181 1331 273 1358 mos
302 1329 324 1358 a
372 1316 626 1373 Pompeianis
659 1316 835 1357 maxime
879 1314 959 1356 fuit
987 1324 1183 1358 servatus.
1233 1318 1291 1358 Ea
1337 1314 1556 1372 sepulchra

183 1374 346 1432 publica
379 1388 460 1416 non
491 1376 624 1417 solum
644 1407 656 1429 ,
691 1375 762 1416 sed
794 1374 952 1430 privata
985 1373 1106 1416 etiam
1140 1384 1269 1426 sunt,
1305 1387 1434 1431 caque
1465 1389 1551 1415 ma-

160 1435 287 1479 ¹xima
319 1433 538 1487 elegantia,
571 1449 666 1475 cum
699 1433 874 1475 exte-rior
904 1448 995 1489 pars
1026 1446 1075 1475 ex
1107 1442 1358 1475 marmorato
1391 1442 1453 1474 est
1485 1447 1556 1476 or-

179 1503 301 1545 nata,
334 1502 373 1533 et
406 1493 741 1548 inscriptionibus
793 1490 1025 1533 Latiaribus
1077 1490 1380 1533 characteribus
1411 1491 1557 1534 adiuu-

179 1552 266 1594 ctis.
298 1552 411 1592 Haec
444 1551 704 1608 sepulchralis
736 1551 798 1594 via
830 1565 926 1591 cum
957 1550 1255 1593 Herculanensi
1273 1550 1443 1593 fortasse
1460 1564 1559 1595 con-

182 1609 423 1666 iungebatur
442 1642 455 1661 ,
487 1610 542 1650 ita
573 1609 679 1651 dicta
703 1642 715 1664 ,
747 1609 861 1668 quod
891 1609 1197 1652 Herculaneum
1220 1642 1234 1660 ,
1268 1620 1307 1651 et
1324 1609 1422 1650 hinc
1453 1612 1560 1652 Nea-

185 1669 311 1725 polim
344 1669 542 1712 viatorem
573 1669 758 1714 duceret.
777 1670 960 1712 Huiusce
978 1667 1079 1710 nihil
1101 1669 1331 1711 hodiedum
1353 1679 1551 1726 superest)

187 1726 265 1768 nisi
295 1737 456 1780 tanturn
488 1743 533 1768 ea
564 1743 683 1783 pars,
713 1745 819 1784 ,quae
849 1727 1095 1784 sepulchrali
1125 1729 1321 1772 subiacet.
1590 1769 1607 1794 S
1658 1767 1702 1793 Η

302 1785 348 1825 ln
381 1785 457 1825 hac
505 1799 586 1826 non
618 1788 792 1842 amplius
824 1801 948 1844 quam
996 1785 1209 1842 sepulchra
1243 1786 1374 1842 usque}
1424 1777 1796 1833 modocassilfi'n‘is'sssssa.

186 1842 395 1887 eruderata
425 1843 540 1885 suere
562 1875 575 1894 ,
610 1859 740 1884 unum
775 1843 826 1885 ab
857 1844 936 1885 alio
967 1846 1090 1900 paulo
1122 1844 1324 1887 dissitum.
1365 1845 1556 1888 Primum

186 1913 244 1945 est
274 1900 403 1952 illud,
434 1902 549 1958 quod
582 1903 726 1944 visitur
772 1903 926 1959 magnis
956 1902 1164 1959 lapidibus
1210 1919 1259 1945 ex
1291 1904 1420 1960 topho
1465 1919 1564 1946 con—

187 1971 386 2004 structum
408 1980 420 2001 .·
452 1963 492 2001 in
524 1963 609 2002 cius
641 1962 821 2004 interiori
839 1973 968 2020 *parte
1000 1963 1115 2018 quasi
1169 1978 1237 2005 ara
1286 1962 1511 2020 adspicitur
1541 1996 1558 2016 ,

184 2036 305 2078 snpra
339 2034 465 2076 quam
515 2019 685 2062 sortasse
716 2022 869 2074 cineres
900 2021 1093 2074 aderant,
1140 2022 1213 2081 qui
1264 2023 1367 2066 nulli
1399 2032 1561 2066 restant.

188 2081 358 2122 Circum
407 2088 505 2120 sunt
554 2079 691 2135 plures
721 2079 876 2135 figurae
905 2095 954 2123 ex
986 2091 1268 2124 marmorato:
1317 2082 1427 2124 inter
1468 2083 1563 2123 alias

187 2137 402 2194 OedipuS‚
436 2147 475 2189 et
495 2136 673 2194 Sphinx.
708 2140 934 2196 Sepulchro
965 2154 1149 2183 marmor
1181 2142 1260 2182 fuit
1280 2140 1558 2193 conlocatum,

190 2196 303 2254 quod
334 2194 527 2238 mutilum
559 2197 639 2238 suit
683 2208 892 2255 repertum
944 2201 1113 2257 optimis
1153 2199 1457 2243 characteribus
1503 2201 1566 2241 in-

192 2256 415 2323 iculfflum·
461 2255 567 2301 Illud
620 2258 833 2305 Castricio.
869 2258 1031 2303 cuidam
1062 2259 1215 2313 Scauro
1246 2261 1462 2318 positum,
1515 2257 1567 2300 ad

301 2373 354 2423 ,T-
418 2377 457 2419 Ι.
1235 2393 1288 2440 ¹3

1631 838 1683 863 Via

1574 871 1757 908 sepulchrali·-
