1920 2579
366 220 578 263 stodemus
613 221 793 262 Malacus
824 220 990 262 nomine
1023 221 1128 262 inter
1165 220 1262 263 alios
1312 220 1460 264 fortior
1511 223 1639 275 fuit,'
1688 229 1760 284 qui

366 283 640 322 Etruscorum
675 280 822 320 ducem
855 279 895 319 in
930 279 1087 336 praelio
1121 282 1305 322 necavit:
1340 296 1465 338 quarn
1501 282 1555 322 ob
1588 297 1760 326 causam

365 339 507 380 hostes
542 338 677 393 fugam
713 338 1011 393 arripuerunt,
1044 350 1084 380 et
1118 340 1172 380 ita
1207 338 1362 380 bellum
1396 341 1644 381 confectum.
1678 342 1763 384 Cu-

365 397 479 436 mani
514 396 608 437 inde
644 397 754 436 hunc
786 411 882 437 suae
917 395 1008 437 urbi
1044 397 1304 454 praeficiunt.
1339 400 1417 440 Hic
1452 413 1548 439 vero
1603 399 1764 443 Aristo·

366 454 514 495 demus
548 455 745 510 temporis
779 470 990 510 progressu
1021 470 1042 495 a
1091 457 1173 497 suis
1225 457 1383 497 civibus
1432 457 1511 497 fuit
1562 469 1763 512 necatus,

365 514 521 568 quippe
554 513 669 569 quod
700 514 784 554 eius
816 513 992 568 regimen
1026 514 1078 555 ad
1114 526 1344 556 extremum
1394 514 1619 556 severitatis
1669 530 1763 574 per-

366 582 548 614 venerat.

483 628 593 670 Cum
625 644 719 670 vero
750 629 792 670 in
823 629 980 670 Italiam
1014 628 1223 671 descendit
1255 630 1493 680 Hannibal,
1526 634 1695 674 cunctis
1721 634 1764 674 in

364 687 490 729 Poeni
525 688 638 728 ducis
672 698 912 741 potestatem
944 688 1122 728 subactis
1145 720 1155 740 ‚
1190 689 1347 729 Cumae
1381 691 1504 729 etiam
1536 689 1581 729 in
1633 692 1758 746 ipsius

365 746 587 800 imperium
620 745 805 789 redactae
838 746 918 786 iam
956 746 1156 796 fuissent,
1192 747 1265 786 nisi
1301 746 1568 802 Sempronius
1631 747 1764 789 Grac-

364 804 467 844 chus
499 804 712 845 Romanus
745 803 900 845 Consul
930 803 1100 845 eandem
1130 805 1340 851 ,liberasset
1377 805 1532 846 urbem.
1598 804 1766 847 Celebre

365 877 438 918 per
469 863 513 902 id
546 864 738 917 temporis
772 863 920 903 festum
952 878 974 903 a
1005 863 1225 918 Campanis
1263 864 1545 917 peragebatur·
1594 874 1785 920 quotam-

365 922 428 961 nis
461 921 500 959 in
537 919 641 960 Silva
673 923 826 975 Hasna,
858 937 962 977 quae
998 932 1145 974 postea.
1167 923 1275 962 Silva
1308 921 1551 972 Gallinaria,
1579 933 1617 961 et
1655 936 1765 962 nunc

366 980 412 1019 la
465 983 632 1020 Panem
668 981 713 1021 di
748 980 899 1020 Patria
922 1010 933 1030 ‚
971 979 1038 1020 ubi
1090 994 1230 1022 omnes
1287 996 1332 1021 ex
1386 981 1554 1021 urbibus
1605 982 1764 1021 cunctis

368 1037 616 1092 Campaniae
647 1039 698 1079 ad
730 1038 881 1079 festum
911 1038 1204 1079 celebrandum
1237 1040 1537 1079 conveniebant
1592 1039 1765 1081 accolae.

369 1095 569 1149 Campani
605 1097 698 1136 hinc
731 1111 814 1151 quo
848 1099 1000 1137 Cumas
1031 1099 1072 1137 in
1107 1097 1354 1138 Hannibalis
1389 1112 1535 1137 manus
1587 1097 1763 1148 darent,

369 1154 476 1193 hanc
508 1153 731 1195 adstruunt
765 1154 965 1196 fraudem.
1000 1155 1290 1196 Cumanorum
1326 1167 1543 1207 senatum,
1584 1167 1621 1195 et
1672 1170 1764 1208 gen-

370 1223 454 1253 tem
488 1211 539 1252 ad
571 1213 720 1253 festum
755 1214 940 1252 invitant.
996 1213 1170 1253 Interim
1221 1214 1494 1267 Sempronius
1543 1224 1674 1253 castra
1717 1212 1767 1252 ad

371 1271 615 1313 Linternum
651 1271 800 1326 posuit.
834 1271 919 1311 Iam
955 1273 1159 1327 Campani
1192 1272 1244 1312 ad
1280 1273 1456 1312 Hamam
1491 1272 1636 1312 silvam
1687 1271 1766 1310 sre-

371 1339 541 1385 queutes
571 1339 846 1370 convenerant
878 1344 925 1369 ex
960 1331 1194 1385 composito
1217 1360 1229 1379 ,
1264 1344 1337 1369 nec
1360 1332 1502 1385 procul
1529 1329 1669 1369 aberat
1687 1328 1771 1368 Ma-

371 1388 456 1428 rius
487 1386 620 1428 Alfius
652 1387 890 1442 Campanus
924 1389 967 1427 in
1001 1389 1186 1438 occulto,
1224 1388 1296 1443 qui
1332 1398 1416 1427 erat
1435 1387 1769 1441 Mednuxticus,

372 1446 456 1487 sive
489 1460 676 1486 summus
707 1444 967 1500 magistratus
994 1478 1006 1496 ,
1038 1447 1109 1502 qui
1159 1461 1251 1486 cum
1287 1445 1399 1487 XIV.
1436 1445 1613 1486 millibus
1666 1444 1770 1484 mili-

376 1515 467 1545 tum
500 1514 629 1545 castra
660 1504 849 1545 habebat.
884 1506 940 1546 At
975 1506 1178 1560 Campani
1214 1520 1282 1561 spe
1314 1503 1499 1545 frustrati
1530 1504 1659 1553 ἴωπες
1677 1518 1769 1545 nam

376 1562 554 1605 Cumani
588 1563 780 1604 Graccho
814 1564 1006 1604 arcessito
1027 1595 1037 1614 ,
1075 1565 1177 1605 dum
1214 1573 1470 1604 nocturnum
1488 1563 1684 1603 edebatur
1708 1562 1768 1603 fe-

377 1631 488 1662 stum
514 1652 525 1672 ‚
559 1621 656 1661 dato
689 1622 833 1676 signo,
867 1620 965 1663 alios
997 1632 1146 1662 stratos
1177 1635 1322 1662 somno
1342 1651 1357 1670 ,
1391 1623 1488 1661 alios
1526 1629 1763 1676 perpatrato

376 1693 490 1721 sacro
522 1681 694 1720 inermes
727 1680 944 1721 redeuntes
977 1681 1217 1721 obtruncat.
1252 1679 1297 1720 In
1332 1694 1377 1720 eo
1413 1678 1611 1724 tumultuv
1650 1691 1765 1720 caesa

376 1737 468 1793 plus
501 1737 585 1778 duo
618 1736 745 1777 millia
780 1753 876 1779 cum
909 1738 999 1794 ipso
1032 1738 1136 1779 duce
1167 1737 1319 1785 *Mario
1365 1737 1474 1779 Alfio
1501 1768 1513 1789 ‚
1563 1745 1601 1778 et
1651 1748 1771 1793 capta

378 1796 493 1837 fuere
523 1798 635 1852 signa
667 1795 856 1836 militaria
890 1808 1103 1852 quatuor,
1142 1807 1179 1836 et
1212 1795 1389 1850 triginta.
1429 1796 1553 1836 Tunc
1609 1806 1770 1852 tempo-

377 1854 434 1894 ris
465 1854 669 1895 Hannibal
703 1865 829 1896 castra
863 1855 1038 1896 habebat
1067 1855 1117 1895 ad.
1148 1855 1307 1905 Tifata,
1359 1854 1428 1910 qui
1480 1870 1521 1894 re
1574 1857 1736 1908 cognita
1757 1886 1768 1907 ,

379 1926 477 1954 cum
511 1912 686 1953 exercitu
718 1912 871 1954 Cumas
902 1913 1281 1970 adpropinquavit,
1321 1928 1491 1968 eamque
1533 1913 1679 1953 urbem
1700 1912 1770 1953 ob·

380 1970 511 2020 sedit,
543 1971 708 2011 interim
739 1970 952 2015 Gracchus
987 1973 1132 2013 urbem
1162 1972 1213 2012 ad
1266 1971 1581 2012 defendendam
1621 1984 1769 2011 ⁴accur-

380 2030 445 2070 rit.
478 2029 617 2069 Livius
649 2031 720 2084 qui
754 2045 840 2071 rem
872 2045 1043 2072 omnem
1076 2041 1235 2071 enarrat
1287 2030 1356 2071 lib.
1407 2029 1561 2071 XXIII.
1623 2043 1662 2069 e.
1711 2033 1766 2071 36

381 2086 616 2141 Cumanos,
647 2086 701 2128 ait
722 2119 735 2139 ,
768 2098 807 2129 et
853 2089 1146 2145 Sempronium
1179 2099 1264 2130 tam
1297 2099 1461 2130 strenue
1504 2103 1601 2128 cum
1652 2088 1766 2128 Han-

381 2143 515 2186 nibale
546 2161 742 2201 pugnasse
762 2177 773 2198 ‚
806 2157 850 2188 ut
882 2147 987 2188 facta
1020 2163 1067 2189 ex
1100 2147 1226 2201 portis
1275 2147 1488 2200 eruptione
1512 2176 1523 2195 ,
1576 2146 1765 2187 hostium

381 2203 573 2244 stationes
605 2203 818 2257 fuderint,
848 2217 970 2262 atque
1002 2206 1190 2261 fugarint.
1227 2205 1291 2246 Sic
1323 2204 1479 2245 Cumae
1510 2203 1561 2244 ab
1605 2204 1766 2244 Hanni-

379 2258 483 2303 balis
515 2261 725 2303 obsidione
757 2263 946 2305 liberatae
979 2265 1120 2313 fuere,
1154 2264 1521 2319 Cumanorumque
1555 2261 1760 2319 studium,

386 2328 427 2360 et
459 2334 574 2362 amor
604 2320 646 2361 in
679 2320 886 2364 Romanos
919 2323 1143 2381 peregregie
1175 2322 1489 2364 demonstratus„

1670 2400 1688 2408 a
