1920 2579
300 83 377 114 112

409 128 543 172 Huius
580 144 679 174 vero
713 131 881 175 Theatri
916 132 1135 177 diametros
1166 133 1255 177 LX.
1288 133 1438 192 palmis
1492 134 1659 194 Neapo-

281 188 419 229 litanis
465 189 628 232 circiter
659 190 767 241 fuit,
810 208 909 235 cum
946 193 1057 236 haud
1095 194 1306 250 integrum
1356 196 1548 238 effossum
1578 195 1657 237 fuit

277 256 449 310 propter
477 262 674 304 magnam
707 249 891 291 cinerum
916 283 929 302 ,
949 251 1215 310 lapidumque
1238 254 1530 310 quantitatem,
1548 267 1653 310 quae

278 305 355 361 ipsu
388 306 676 360 supereminet.
710 307 939 352 Theatrum
975 322 1069 353 ante
1101 310 1297 368 quadriga
1329 327 1453 355 aenea
1472 311 1549 352 fuit
1566 312 1653 354 col-

280 363 416 406 locata
435 394 448 413 ,
483 365 634 421 quippe
671 381 770 408 cum
802 369 1006 425 quaedam
1022 370 1175 412 fuerint
1206 386 1410 426 equorum
1429 385 1655 413 aeneorum

283 431 421 477 partes
460 421 544 466 huc
576 424 675 467 illuc
711 427 990 474 comminutae
1023 438 1209 486 repertae
1231 461 1247 479 ,
1282 439 1325 472 et
1357 438 1452 471 rota
1507 443 1661 470 currus

284 481 531 534 integralex
563 483 708 525 eodem
740 486 922 528 metallo.
956 488 1064 530 Ante
1096 502 1192 530 vero
1206 486 1380 531 Theatri
1417 487 1542 528 huius
1566 501 1658 544 por.

284 547 345 579 tas
378 538 495 595 bigas
528 541 627 583 alias
655 542 779 584 fuisse
809 544 913 587 olim
933 576 945 594 ‚
989 547 1077 588 sive
1094 561 1236 588 currus
1254 554 1449 596 constat,
1474 559 1657 602 quorum

286 594 485 640 ruderum
516 609 652 656 partes
684 601 769 643 iam
799 600 997 657 effossae3
1027 605 1151 647 hasce
1177 605 1390 647 inauratas
1426 604 1549 646 fuisse
1592 619 1663 659 ap-

285 664 432 712 paret:
466 667 506 700 et
537 674 586 700 ex
618 661 731 717 equis
767 675 900 713 unns,
936 664 1054 706 cuius
1086 661 1222 705 media
1250 672 1410 719 reperta
1444 677 1538 717 pars
1562 676 1661 704 cum

285 713 377 755 aliis
417 715 601 758 eiusdem
633 718 843 773 reliquiis;
876 734 980 775 quae
1013 719 1224 778 quondam
1257 721 1399 762 omnia
1431 735 1479 761 ex
1526 719 1661 760 Vesu-

286 771 418 815 vianis
452 774 685 831 lapidibus,
737 784 860 833 atque
894 780 992 835 igne
1051 787 1323 836 consumpta,
1373 790 1413 820 et
1453 777 1660 834 discerpta

288 830 490 873 visuntur.
524 835 666 890 Equus
698 832 767 877 hic
798 851 897 878 cum
928 851 1001 879 sua
1040 837 1242 894 quadriga
1278 838 1354 879 fuit
1386 836 1669 880 comminutus

291 887 343 929 ab
376 889 582 933 horrenda
614 892 854 936 Vesuviana
885 895 1232 951 conflagratione.
1264 896 1328 937 Ne
1362 910 1461 938 vero
1496 909 1658 949 pessum

293 946 453 992 abirent
483 950 586 992 tanti
617 951 878 994 monumenti
913 953 1094 1010 pretiosa
1132 951 1281 996 rudera
1303 984 1316 1003 ‚
1353 969 1403 994 ex
1453 952 1514 993 his
1555 967 1662 993 unus

295 1020 423 1063 equus
455 1024 529 1066 per
574 1009 711 1065 plures
744 1010 1023 1057 comminutas
1060 1021 1197 1069 partes
1239 1011 1283 1053 in
1322 1027 1452 1053 unum
1504 1012 1656 1051 iterum

293 1065 497 1109 conflatus
519 1100 531 1120 ,
563 1068 790 1111 celebrium
824 1069 1009 1111 virorum
1049 1085 1149 1112 cura
1180 1069 1223 1109 in
1255 1069 1388 1125 Regio
1422 1068 1666 1126 Neapolita-

290 1134 346 1163 no
374 1125 586 1169 Boi-honio
619 1127 765 1169 Museo
796 1127 1029 1182 stylobaten
1063 1142 1186 1185 supra
1219 1126 1468 1170 adservatur.

405 1188 626 1240 Postquam
660 1184 709 1227 de
740 1185 1041 1228 Herculanensi
1075 1185 1252 1228 diximus
1298 1185 1481 1228 Theatro
1501 1216 1514 1234 ‚
1548 1199 1661 1227 nunc

287 1243 337 1286 ad
375 1244 451 1287 alia
491 1245 702 1287 veniemus
733 1243 920 1292 aedificia
953 1244 1142 1303 publica,
1178 1252 1220 1287 et
1251 1245 1423 1302 privata.
1469 1240 1661 1289 Primum

288 1303 470 1346 occurrit
512 1301 621 1344 urbis
663 1305 852 1354 Forum,
901 1313 943 1346 et
980 1301 1066 1350 duo
1098 1301 1254 1357 templa
1285 1303 1336 1346 ab
1382 1301 1534 1344 eodem
1573 1317 1659 1343 non

288 1363 467 1417 procul:
503 1360 605 1404 haec
644 1357 870 1406 effossionis
918 1372 1103 1420 tempore
1138 1361 1296 1416 integra
1341 1371 1502 1419 reperta
1533 1360 1661 1403 fuere.

290 1422 444 1462 Parum
479 1435 502 1462 a
547 1419 731 1464 Theatro
761 1420 912 1463 distans
945 1421 1012 1465 via
1043 1429 1167 1464 restat
1212 1421 1296 1463 lata
1334 1421 1517 1478 quinque
1539 1449 1550 1470 ,
1597 1420 1663 1461 vel

292 1494 360 1520 sex
392 1478 546 1522 habens
596 1478 749 1536 pedes:
783 1496 833 1524 ex
862 1487 1035 1538 utraque
1065 1489 1179 1536 parte
1228 1477 1551 1522 intercolumnio
1586 1477 1668 1520 cin*²

292 1546 358 1579 cta
381 1569 394 1587 ,
427 1539 537 1594 quasi
572 1538 775 1594 porticum
813 1539 983 1582 diceres,
1026 1540 1088 1582 Ex
1119 1539 1182 1579 his
1221 1553 1351 1580 unum
1395 1537 1665 1579 intercolum-

294 1595 413 1636 nium
448 1594 499 1636 ad
531 1594 611 1637 duo
643 1600 798 1654 templa
830 1597 942 1641 viam
976 1595 1249 1652 patefaciebat
1284 1595 1335 1636 ab
1373 1595 1451 1636 alia
1480 1602 1666 1649 separata

292 1653 344 1696 ad
373 1652 490 1697 cuius
524 1649 756 1714 extremum
788 1654 894 1697 basis
915 1686 926 1708 ‚
960 1669 1082 1711 supra
1125 1668 1251 1711 quam
1282 1661 1417 1695 statua
1432 1651 1659 1695 extolleba-

52 1180 113 1206 Ἐπί
134 1178 284 1214 descripfie.

298 1863 358 1898 hic
384 1861 428 1898 de
453 1862 544 1898 Iulia
573 1861 651 1911 lege
678 1862 785 1897 verba
811 1859 944 1897 faciens
963 1887 974 1904 ‚
1001 1859 1123 1909 plures
1150 1866 1298 1894 suarum
1323 1857 1447 1907 legum
1467 1856 1665 1892 libertatem,

300 1914 449 1962 patriam
475 1913 660 1948 Romanae
688 1911 825 1949 civitati
852 1909 1097 1960 praeposuisse
1124 1907 1245 1944 tradit.
1291 1907 1434 1943 Videsis
1478 1905 1668 1941 laudatum

301 1972 485 1998 auctorem
512 1963 582 1998 Pro
608 1961 736 1998 Balbo.
765 1962 861 1997 Hinc
886 1961 1020 1996 factum
1042 1984 1052 2001 ,
1077 1965 1118 1993 ut
1148 1957 1344 1994 Duumviri
1373 1955 1614 2004 Neapolitani,
1632 1962 1668 1991 et

302 2013 490 2048 Puteolani
519 2025 563 2048 ex
588 2025 628 2048 eo
657 2018 813 2062 tempore
839 2011 1023 2059 proerrss
1048 2007 1185 2043 tuerint
1212 2008 1325 2043 vocati
1354 2012 1393 2042 nt
1407 2012 1520 2041 antea.
1537 2005 1666 2040 Reine-

304 2062 377 2097 <ius
404 2062 563 2112 apposite
591 2062 734 2098 scribit:
764 2063 864 2111 Quos
890 2059 1102 2095 Duumviros
1126 2058 1311 2106 proevrfis
1331 2085 1340 2102 ,
1388 2054 1569 2103 Στρατεγὸι
1613 2068 1671 2109 reff

299 2111 584 2161 praesentabant
609 2113 775 2148 coloniae
800 2109 977 2146 eonsules.
1008 2107 1122 2143 Iidem
1148 2108 1323 2155 Δημαρχοι
1364 2105 1463 2141 fuere
1504 2103 1672 2157 appellati

302 2174 343 2198 ea
369 2163 532 2206 ratione,
562 2163 644 2212 quia
672 2162 869 2211 Δήμαρχεισ,
894 2160 963 2196 suit
990 2159 1077 2194 olim
1103 2166 1266 2193 summus
1295 2154 1391 2206 apud
1416 2154 1671 2204 Neapolitanos

304 2212 534 2264 magistratus
551 2239 562 2259 ,
592 2219 631 2249 ut
659 2211 781 2262 prodit
806 2210 1020 2261 Spartianus
1047 2209 1085 2247 in
1111 2206 1289 2248 Hadriani
1316 2207 1388 2246 vita
1414 2218 1444 2245 c.
1469 2204 1505 2245 ὃς
