1920 2579
367 95 464 143 ‘ffi‘ss

386 161 441 198 cti
474 173 519 200 ex
552 156 737 210 Athenis,
754 156 972 209 Corintho,
995 157 1130 201 Roma
1150 189 1161 211 ,
1195 156 1366 217 aliisque
1400 156 1548 201 dissitis
1581 156 1749 201 urbibus

377 217 700 273 commigrantes
719 215 1017 260 conveniebant
1049 232 1173 274 quam
1206 217 1441 275 saepissime
1464 217 1659 267 celebres,
1681 215 1751 261 do-

376 277 512 333 ctique
548 276 636 317 Viri
667 275 740 317 has
773 277 962 333 regiones
996 275 1223 333 petebant,
1247 290 1328 333 quo
1361 291 1536 319 amoena
1556 277 1750 318 colerent

377 335 661 378 vehementius
681 332 828 376 studia.
846 334 901 375 At
933 335 1138 376 undenam
1158 335 1264 377 haec
1295 344 1407 377 tanta
1443 335 1523 377 huc
1559 333 1750 377 commi-

379 392 525 450 grandi
556 392 706 434 amoris
738 391 899 435 libido?
929 407 1063 435 nonne
1097 409 1146 435 ex
1177 393 1279 435 aeris
1300 425 1312 443 ‚
1345 393 1530 451 coelique
1567 393 1674 435 clem
1687 406 1750 433 en-

383 453 470 503 tia,
513 467 616 509 quae
647 452 787 509 purius
818 449 1036 493 abundat?
1076 454 1192 495 Haec
1223 452 1335 494 enim
1366 450 1479 493 sedes
1518 449 1627 492 haud
1659 464 1753 491 ces-

384 511 436 552 sit
490 510 757 553 amenissimo
809 511 1070 552 Athenarum
1100 511 1218 553 coelo
1239 542 1251 560 ‚
1291 508 1400 551 haud
1432 507 1699 552 Alexandriae
1728 539 1743 558 ,

383 584 467 627 quo
499 570 601 611 olim
635 578 698 611 tot
744 568 901 611 nobiles
921 600 933 619 ,
965 568 1248 625 sapientesque
1282 568 1372 608 Viri
1420 575 1717 610 convectat—unt
1737 596 1748 616 ‚

382 637 431 669 ut
461 627 718 685 Pythagoras
737 659 750 677 ,
783 627 1047 669 Democritus
1069 657 1082 676 ,
1118 626 1235 667 Plato
1255 657 1267 676 ‚
1300 626 1463 683 aliique.
1503 626 1655 668 Nostra
1675 623 1753 680 igi-

388 695 456 728 tur
485 687 712 743 Neapolis,
749 686 932 742 aliaeque
968 684 1234 741 Campaniae,
1267 692 1308 726 et
1340 684 1515 741 Magnae
1552 684 1752 725 Graeciae

388 745 509 786 urbes
541 743 650 786 haud
683 744 892 786 inferiores
925 743 1263 800 praeclarioribus
1293 742 1417 785 fuere.
1468 742 1574 783 Vide
1622 742 1748 798 igitur

392 818 544 860 quaeso
576 801 627 845 ad
676 818 800 861 quam
847 800 1107 862 perfectionis
1152 816 1342 846 normam
1375 801 1477 846 haec
1529 800 1623 843 urbs
1658 799 1758 841 olim

394 861 654 921 pervenerit!
