1920 2579
1485 134 1564 175 271

191 179 475 225 venientibus:
507 179 602 222 hinc
634 179 717 222 eius
769 179 916 222 Cultus
959 189 1018 223 est
1062 177 1322 222 introductus
1343 207 1355 229 ,
1401 189 1439 219 et
1471 179 1568 222 inde

188 250 444 299 propagatus·
474 240 582 282 Hinc
607 254 629 279 a
658 238 804 296 quinto
836 238 1090 281 Christianae
1134 237 1337 280 Ecclesiae
1401 238 1564 279 saeculo

189 303 231 340 iu
266 301 317 340 D.
355 298 529 340 Ianuarii
562 299 763 340 hon-orem
795 299 945 355 templa
996 309 1124 340 erecta
1176 297 1356 338 fuerunt.
1396 297 1458 337 De
1492 296 1568 337 hac

189 371 233 398 re
261 370 334 398 nos
366 358 558 400 certiores
598 356 692 397 facti
723 371 866 399 sumus
915 357 965 399 ab
1011 357 1170 399 Vranio
1201 352 1410 397 sacerdote
1432 385 1443 402 ,
1494 355 1567 410 qui

181 415 301 456 etiam
347 416 494 472 quinto
526 414 666 455 ssoruit
695 414 882 465 saeculo,
914 430 1060 471 nempe
1090 428 1199 457 anno
1239 411 1554 455 CCCCXXXI.

121 507 126 512 .
182 474 335 530 quique
390 473 430 514 in
479 474 657 530 quadam
699 473 866 528 epistola
900 473 950 515 de
988 474 1029 516 S.
1069 473 1226 515 Paulini
1258 471 1407 513 Nolani
1462 469 1564 526 Epi-

186 533 295 586 scopi
330 546 448 587 agens
482 542 648 581 morte,
686 542 820 572 narrat
853 532 947 573 huic
977 531 1058 572 iarn
1091 530 1216 573 morti
1251 528 1438 584 proximo
1460 559 1473 578 ,
1522 530 1561 571 S.

184 589 419 631 Ianuarium
453 605 524 646 per
554 591 686 631 visum
717 592 962 646 apparuisse.
996 591 1104 631 Hinc
1137 586 1278 630 scribit
1314 586 1393 627 :E
1414 588 1564 643 quibus

184 646 424 690 Ianuarius
472 652 709 703 Episcopus
760 650 924 699 simul,
955 658 995 689 ec
1024 653 1197 702 Martyr
1237 645 1561 700 Neapolitanae

189 705 304 748 urbis
341 708 526 748 illustr-at
573 706 841 748 Ecclesiam.
895 708 1038 749 Petrus
1084 705 1376 762 Neapolitanae
1423 703 1563 745 Eccle-

187 763 266 803 siae
301 765 527 814 Notarius‚
572 765 642 820 qui
691 765 764 805 VI.
798 765 898 806 vixit
943 765 1101 806 saeculo
1144 773 1364 818 vergente,
1412 777 1561 818 nempe

189 820 291 862 circa
323 838 477 864 annum
509 823 751 865 DLXXXI.
784 823 827 863 in
858 823 1041 879 quodam
1076 821 1226 865 Codice
1260 822 1344 863 MS.
1365 821 1461 861 haec
1482 830 1564 861 tra-

183 878 273 921 dit:
312 881 403 922 Per
430 881 794 934 Confessionem,
830 883 1067 939 meritaque
1100 881 1146 923 S.
1184 879 1386 922 Ianuarii.
1441 880 1561 920 Prae·

184 947 245 979 ter
281 939 380 980 haec
410 940 559 982 adsunt
589 941 695 981 Acta
744 939 924 981 eiusdem
962 940 1154 996 Martyris
1185 937 1296 994 apud
1317 936 1557 980 Falconium

187 1010 276 1051 pag.
315 1000 393 1040 132
425 999 467 1040 in
498 997 647 1055 quibus
677 998 858 1054 legitur³
891 999 1184 1055 Neapolitanos
1215 997 1337 1053 paulo
1355 1006 1444 1052 post
1461 996 1567 1036 cius-

183 1052 276 1094 dem
312 1067 486 1099 mortem
519 1059 675 1099 honore
703 1058 840 1114 ipsum
871 1056 994 1098 fuisse
1027 1065 1344 1113 proesecutum:
1380 1055 1474 1095 hinc
1511 1055 1566 1094 le-

185 1112 322 1165 gitur:
357 1114 485 1156 quta
520 1114 756 1170 Neapolim
791 1116 1132 1164 transtulerunt,
1168 1124 1208 1154 ez
1233 1120 1474 1166 posuerunt
1518 1112 1564 1151 in

183 1169 378 1213 Basilica
401 1203 413 1222 ,
451 1174 525 1214 abi
552 1187 668 1214 nunc
700 1172 943 1229 requiescit.
993 1171 1083 1228 Qui
1105 1179 1358 1226 praestante
1409 1168 1563 1209 Domi-

182 1241 236 1266 ηο
280 1228 385 1271 Iesu
420 1229 587 1272 Chr-isto
607 1262 620 1280 ‚
658 1233 910 1272 meritorum
940 1244 1126 1271 suorum
1179 1228 1392 1282 beneficia
1441 1229 1563 1268 innu-

191 1289 413 1330 merabilia
444 1298 675 1344 praestare
728 1303 817 1329 non
849 1288 1016 1330 desinit
1052 1301 1189 1346 usque
1227 1287 1271 1327 in
1304 1285 1564 1327 hodiernum

185 1341 311 1386 diem.

300 1407 494 1446 Attamen
513 1405 556 1448 S.
595 1403 810 1462 Agrippini
841 1403 1100 1462 Neapolitani
1135 1403 1337 1444 Praesulis
1355 1402 1457 1443 vitae
1490 1415 1562 1441 au=

177 1662 383 1712 sepelienda
417 1668 610 1710 portat-ent
638 1688 646 1696 .
681 1684 691 1696 .
724 1688 731 1696 .
766 1688 774 1696 .
802 1686 812 1696 .
842 1688 850 1696 .
881 1667 989 1695 noctu
1033 1670 1119 1696 vero
1159 1669 1407 1710 unaquaeque
1448 1658 1549 1705 plebs

176 1715 325 1750 sollicite
351 1724 432 1747 suos
456 1711 521 1747 sibi
543 1719 718 1757 patronos
745 1723 876 1760 rapere
888 1709 1128 1760 fiestinarent.
1160 1707 1458 1758 NeapolitaniB.
1494 1708 1559 1743 Ia-

176 1765 344 1800 nuarium
368 1761 434 1796 sibi
457 1770 652 1809 patr-onum
664 1761 867 1796 tollentem
893 1762 1052 1796 Domino
1064 1767 1275 1796 meruerunt
1304 1785 1312 1793 .
1342 1783 1350 1792 .
1384 1783 1391 1791 .
1422 1784 1431 1792 .
1457 1756 1559 1794 San-

180 1822 276 1850 ctum
302 1824 387 1849 vero
414 1811 443 1847 S
447 1814 560 1847 osium
587 1813 796 1847 Diaconum
820 1813 916 1847 cives
944 1813 1018 1845 eius
1045 1811 1242 1846 Misenates
1268 1810 1438 1845 tulerunt.
1479 1808 1557 1844 Pa-

180 1864 318 1899 teolam‘
343 1875 488 1911 quoque
515 1862 693 1897 Sanctum
720 1861 923 1908 Pmeulum
949 1862 1159 1896 Diaconum
1179 1888 1189 1905 ‚
1218 1868 1253 1896 et
1272 1860 1450 1895 Sanctum
1481 1861 1555 1895 Εα-

184 1912 353 1950 tickelem
369 1940 378 1956 ‚
400 1920 435 1948 et
461 1913 633 1948 Acutium
660 1914 754 1948 cives
780 1914 836 1947 sui
860 1913 990 1948 tulere.
1019 1913 1230 1947 Romanurn
1269 1911 1495 1946 Breviarium
1522 1912 1555 1946 in

180 1965 278 2001 Lect.
329 1964 392 1998 VI.
439 1961 529 1998 idem
557 1964 665 1998 eiiam
693 1963 866 1998 continet.
905 1960 1098 1998 Falconius
1142 1961 1180 1996 in
1210 1961 1292 1998 Vita
1337 1960 1376 1997 S.
1406 1959 1550 1997 Ianuar.

181 2027 264 2063 pag.
299 2012 367 2048 138
393 2020 426 2048 et
460 2012 526 2059 140
550 2010 592 2048 S.
625 2012 781 2048 ianuarii
810 2007 959 2062 patriam
988 2013 1095 2048 fuisse
1123 2012 1316 2061 Neapolim
1337 2009 1450 2047 credit
1471 2041 1483 2060 9
1517 2020 1553 2047 et

178 2062 401 2100 caracciolus
430 2062 524 2098 idem
550 2063 671 2098 scribit
698 2076 730 2099 c.
760 2076 806 2097 20
834 2062 878 2099 ad
904 2063 1004 2112 quod
1032 2061 1261 2112 probandum
1308 2061 1552 2099 vetustissima

175 2114 280 2150 affert
308 2122 554 2150 monumenta.
584 2113 712 2148 Petrus
739 2112 987 2150 Subdiaconus
1009 2141 1019 2157 ‚
1048 2114 1107 2162 qui
1135 2113 1206 2149 IX.
1237 2112 1324 2149 vixit
1345 2112 1485 2148 saeculo
1509 2114 1552 2148 de

176 2163 216 2200 S.
244 2164 434 2213 Agrippini
477 2162 703 2213 Neapolitani
747 2163 924 2199 Praesulis
970 2175 1078 2212 agens
1121 2162 1326 2205 miraculis,
1368 2163 1552 2198 evidenter

176 2214 302 2261 probat
319 2241 329 2258 ,
358 2215 404 2250 D.
433 2214 640 2250 Ianuarium
669 2213 775 2249 fuisse
803 2214 929 2262 procul
948 2213 1060 2251 dubio
1084 2213 1376 2263 Neapolitanum.
1401 2214 1550 2251 Adhaec

182 2263 327 2313 quidam
353 2265 411 2302 alii
439 2271 601 2302 auctores
626 2263 670 2299 ad
698 2277 813 2302 uuum
839 2277 963 2302 omnes
990 2264 1086 2302 idem
1114 2264 1354 2301 confirmant..
