1920 2579
1461 94 1516 137 65

134 148 350 205 praecipue
383 147 491 192 Novi
523 148 677 192 Montis
708 149 980 206 conflagratio
1011 149 1119 193 hanc
1152 159 1359 192 terrarum
1391 152 1503 195 orbis

136 215 295 262 partem
326 208 488 265 penitus
520 207 569 249 ab
602 208 771 264 antiquo
792 240 805 258 ,
834 208 1081 266 florentique
1114 218 1226 251 statu
1255 209 1505 254 immutavit.

140 265 463 317 Hinc⁴horror,
495 275 534 307 et
568 267 717 320 luctus*
739 265 833 308 heic
867 277 1069 310 moratur.

255 324 462 382 Conlapso
491 324 776 367 Romanorum
808 325 987 383 Imperio
1008 357 1023 377 ,
1077 325 1271 367 barbarae
1320 327 1510 371 nationes

138 379 178 422 in
211 381 367 424 Italiam
400 383 606 425 irruerunt
626 415 640 433 ,
678 393 848 426 cunctas
885 385 1033 435 urbes,
1066 391 1105 425 et
1130 383 1248 439 opida
1267 385 1375 426 ferro
1393 386 1510 427 flam·

138 454 283 495 maque
315 451 647 484 concremarunt.
682 442 783 484 Prae
820 443 998 492 ceteris,
1036 442 1106 499 qui
1138 443 1335 484 Baiarum
1369 445 1512 488 ruinae

137 510 258 540 causa
289 499 486 552 fuerunt,
518 500 707 542 Saraceni
740 499 1093 551 adnumerantur,
1131 501 1199 556 qui
1232 516 1402 544 manum
1453 503 1512 544 ul-

137 554 279 597 timam
309 557 519 600 dederunt.
552 558 662 600 Hinc
694 558 803 600 illius
835 558 1204 616 pulchritudinem,
1223 559 1506 602 aedificiorum

135 614 405 667 maiestatem,
438 617 707 673 villarumque
725 616 824 660 adeo
843 616 1142 667 deformarunt,
1162 626 1204 658 ut
1221 619 1505 674 sepulchrum,

137 681 177 713 et
210 672 386 718 cadaver
415 676 552 732 potius
583 675 805 718 effecerint.

254 732 300 773 In
333 742 445 776 tanto
476 734 649 791 denique
681 735 935 777 nobilissimo
968 733 1175 791 quondam
1209 744 1411 777 terrarum
1444 751 1505 777 or-

132 787 195 829 bis
225 789 319 833 loco
341 827 353 846 ,
388 791 437 833 de
468 808 550 850 quo
584 795 821 836 Venusinus
853 802 974 850 poeta
1021 793 1184 834 nullum
1232 794 1359 834 alium
1403 794 1498 837 huic

132 849 465 904 anteponendum
496 867 581 893 esse
614 853 792 901 cecinit,
825 851 937 892 nulla
969 849 1113 892 domus
1146 866 1222 893 nec
1245 852 1496 907 superlitus,

133 919 210 946 nec
241 906 283 946 in
316 909 461 952 vicinis
493 909 667 952 collibus
698 908 922 963 hodiedum
945 941 958 959 ,
996 910 1107 950 nulla
1138 908 1357 951 hominum
1390 925 1498 952 com-

131 966 382 1008 morantium
413 966 528 1008 sedes
560 966 780 1024 adsurgit,
814 969 890 1009 nisi
926 966 1140 1023 tugurium
1174 967 1354 1023 aliquod,
1388 979 1426 1010 et
1446 968 1503 1009 di·

133 1024 362 1065 versorium
393 1039 469 1080 pro
504 1025 814 1068 advenientium
848 1023 1138 1067 commoditate
1162 1057 1175 1075 ‚
1208 1036 1246 1066 et
1278 1025 1325 1066 ad
1378 1041 1503 1067 asser-

129 1080 279 1123 vandas
315 1083 482 1124 Baianas
512 1083 775 1139 antiquitates
805 1098 928 1140 super
958 1082 1097 1131 litore,
1136 1093 1175 1124 et
1207 1098 1277 1123 arx
1310 1085 1500 1125 munitis-

130 1137 238 1190 s'ima·
265 1139 315 1182 ad
346 1139 645 1183 defendendum
677 1139 841 1198 portum
872 1140 1158 1183 Puteolanum.
1196 1142 1305 1184 Hinc
1340 1141 1388 1184 de
1424 1152 1503 1192 tot,

125 1208 173 1236 ac
208 1199 327 1240 tantis
359 1208 559 1250 naturae,
597 1209 637 1242 et
669 1203 764 1243 artis
794 1199 1016 1257 praeclaris
1050 1198 1198 1251 donis,
1235 1209 1357 1258 atque
1406 1215 1496 1243 mo-

79 1279 83 1285 ·
124 1256 332 1297 numentis
363 1273 461 1299 cum
496 1261 720 1301 Mantuano
750 1268 843 1304 vate
876 1256 1210 1302 concludendum
1231 1289 1244 1308 ,
1279 1269 1403 1316 atque
1448 1260 1503 1301 in·-

129 1313 375 1356 sinuandum
409 1316 589 1358 arbitror
612 1334 622 1358 ι

214 1407 313 1446 Heu
333 1406 445 1462 ficge
480 1407 682 1447 crudeles
719 1417 885 1460 terras,
911 1411 1025 1464 ficge
1058 1410 1170 1449 littus
1206 1422 1405 1451 avarum.

127 1680 209 1716 dam
236 1679 397 1716 salubres
423 1693 487 1730 pro
516 1681 699 1716 luxurioso
728 1679 1019 1729 interpetrantur.
1050 1681 1195 1716 Interim
1223 1681 1303 1729 quis
1342 1695 1412 1716 non
1453 1682 1502 1715 vi·

125 1730 186 1766 det
212 1731 305 1765 claro
332 1731 429 1766 coelo
448 1757 458 1772 ,
485 1744 523 1767 ea
552 1731 627 1765 loca
651 1758 662 1773 ,
690 1736 773 1777 puta
800 1729 942 1765 forsitan
964 1731 1010 1766 ob
1029 1730 1228 1766 vicinorum
1248 1731 1497 1774 vulcanoruni,

127 1789 163 1815 et
189 1780 338 1815 lacuum
364 1781 666 1830 propinquitatem
696 1780 803 1814 fuisse
831 1781 898 1814 iam
938 1794 978 1815 ex
1017 1779 1198 1815 Cceronis
1244 1790 1355 1815 aetate
1400 1781 1496 1815 haud

125 1830 321 1866 salubria?
348 1830 441 1865 Hinc
468 1833 574 1865 etiam
605 1828 823 1864 credendum
842 1856 852 1872 ,
882 1828 988 1864 Biias
1009 1858 1018 1873 ‚
1050 1836 1083 1864 et
1120 1830 1235 1864 vicina
1286 1831 1358 1865 loca
1401 1830 1499 1865 haud

125 1887 200 1916 toto
228 1880 311 1915 anni
339 1887 496 1929 tempore
526 1879 679 1915 salubria
711 1878 838 1921 fuisse,
864 1887 897 1913 ct
925 1880 1104 1914 Romanos
1132 1885 1269 1913 tantum
1297 1887 1472 1914 autumno
1491 1907 1500 1921 ‚

123 1938 159 1965 et
185 1931 303 1965 hieme
330 1929 410 1965 heic
430 1932 633 1978 rusticanis.
660 1930 760 1974 Quin
789 1929 862 1964 imo
882 1929 908 1964 si
924 1943 998 1965 rem
1020 1929 1110 1964 hanc
1128 1930 1257 1963 rectius
1272 1929 1499 1964 animadver-

122 1989 239 2016 temus
261 2006 272 2023 ,
302 1979 479 2016 Ciceronis
507 1993 594 2016 aevo
622 1978 782 2015 nondum
822 1980 1026 2021 Avernum,
1067 1979 1339 2025 Lucrinurnquc
1377 1981 1497 2029 lacum

121 2042 202 2066 cum
231 2030 435 2080 propinquo
463 2031 743 2065 communicasse
771 2030 860 2065 mari
890 2042 1143 2078 agnoscemus:
1172 2028 1255 2063 hinc
1283 2030 1357 2064 loca
1405 2028 1495 2064 circa

119 2079 221 2117 Biias
249 2081 437 2117 insalubria
465 2082 578 2117 suere.
607 2081 714 2116 secus
741 2093 823 2116 vero
850 2079 990 2115 Horatii
1014 2108 1024 2124 ‚
1073 2079 1269 2127 Propertii,
1307 2080 1464 2114 Senecae
1484 2106 1493 2122 ‚

119 2131 250 2178 Plinii,
278 2133 505 2180 aliorumque
532 2144 617 2167 aevo
637 2159 646 2175 ,
674 2143 790 2166 aerem
818 2143 992 2179 perquam
1021 2142 1212 2166 amoenum
1243 2128 1292 2162 ibi
1329 2128 1494 2165 homines

118 2182 304 2230 respirasse
330 2189 488 2218 constat:
513 2183 734 2231 cum-aperti
762 2181 954 2230 propinqui
997 2182 1093 2217 lacus
1130 2181 1228 2215 fuere
1248 2205 1257 2222 ‚
1302 2180 1364 2229 qui
1409 2192 1492 2215 cum

121 2230 211 2267 mari
239 2233 565 2268 communicarunt.

237 2283 361 2325 Tom.
399 2283 465 2324 Il.
1100 2298 1122 2335 9
