1920 2579
1416 113 1493 154 ιθ)

136 175 226 227 illis,
259 189 361 232 quae
394 173 506 216 Lave
539 171 808 229 appellantur.
844 173 931 212 Hae
964 183 1064 210 vero
1097 168 1197 210 nihil
1228 166 1336 210 aliud
1371 180 1496 221 sunt⁷

136 250 261 290 quam
293 244 420 274 terrae
438 233 645 290 pestiferae
676 229 951 271 exhalationes
973 260 985 279 ,
1022 242 1089 268 seu
1121 242 1290 285 vapores
1310 227 1380 283 qui
1414 237 1496 268 sto·

137 294 285 335 macho
317 292 533 333 adhaerent
553 321 569 343 ,
605 299 645 329 et
677 288 827 346 capiti3
862 287 957 328 hinc
989 296 1046 327 est
1077 295 1123 326 ut
1143 285 1380 341 vertiginem
1399 299 1496 343 pro-

139 350 325 402 ducant,
362 360 400 391 et
432 348 510 390 sint
543 348 685 390 noxiae
718 363 812 390 cum
843 344 1117 389 animantibus
1148 343 1452 386 rationabilibus
1484 376 1496 396 ,

137 420 175 449 et
207 408 548 450 irrationabilibus
572 441 585 462 ‚
617 417 707 449 tum
738 405 954 464 praecipue
984 405 1085 461 agris
1135 404 1318 446 Vesuvio
1365 403 1498 459 proxi-

130 466 219 509 mis.
252 468 338 508 Hae
369 466 534 508 tandem
564 481 697 508 aerem
729 479 846 522 saepe
876 465 1032 520 saepius
1064 463 1292 504 infecerunt
1314 493 1327 513 ‚
1374 463 1496 517 pessi·

135 540 380 581 morumque
409 525 650 567 morborum
681 540 797 566 causa
829 522 1010 567 fuerunt,
1043 523 1167 562 Hunc
1187 535 1281 562 vero
1313 531 1495 561 montem

132 582 308 624 Vulcani
340 584 480 633 Foro,
515 598 583 625 seu
618 582 939 640 Sulphurariae,
972 592 1011 622 et
1058 580 1202 622 AEtnae
1252 578 1495 636 respondere

132 643 310 682 sentiunt
343 643 530 698 physici:
557 643 716 698 quoties
748 641 854 682 enim
887 639 1093 682 Vesuvius
1128 639 1276 680 vicinas
1327 636 1492 679 combu-

130 699 185 740 rit
217 701 393 754 regiones
416 731 431 751 ,
466 700 609 743 eodem
641 711 823 757 tempore
855 699 1003 752 AEtna,
1036 697 1297 756 Vulcanique
1328 699 1491 740 Forum

134 757 241 797 idem
265 757 458 798 efficiunt.

248 815 481 872 Antequam
511 829 680 857 manum
712 814 762 856 de
793 813 926 856 tabula
945 844 956 866 ,
987 814 1099 856 iuvat
1128 813 1217 856 heic
1248 828 1375 871 pauca
1423 827 1491 870 ap·
1512 825 1632 852 Veterum
1666 826 1722 858 „pi-

132 873 297 928 pingere
333 873 470 928 quoad
502 884 682 914 veterum
715 873 1041 915 Christianorum
1073 873 1178 913 circa
1195 874 1388 914 vulcanos
1405 869 1724 927 spe-”‘QZ‡JV5„{,¹J“

131 939 211 969 ctat
244 930 465 983 opiniones.
497 932 550 970 Et
582 931 761 985 primum
795 930 979 969 omnium
1013 929 1232 970 dicendum
1252 940 1310 970 est
1341 929 1491 971 Ethni-

131 1000 198 1026 cos
230 988 350 1026 etiam
382 988 651 1043 antiquosque
683 1002 765 1028 non
796 984 930 1027 solum
962 985 1160 1042 Graecos,
1192 1002 1333 1028 verum
1369 988 1491 1028 etiam

127 1044 340 1088 Romanos
386 1045 639 1096 credidisse,
693 1043 885 1086 vulcanos
931 1044 1017 1087 loca
1063 1045 1216 1098 fuisse,
1252 1046 1293 1086 in
1343 1044 1492 1101 quibus

125 1101 385 1144 scelestorum
419 1104 580 1145 animae
599 1102 894 1146 detinebantur·
916 1106 1065 1146 Nonne
1094 1106 1302 1146 Hom'erus
1319 1104 1402 1160 ipse
1433 1117 1493 1145 ce-

125 1159 257 1212 cinit,
289 1163 471 1217 gigantes
503 1164 601 1203 olim
637 1162 789 1204 bellum
823 1161 901 1204 diis
930 1163 1165 1214 inferentes,
1192 1164 1328 1218 postea
1346 1161 1420 1204 sub
1436 1161 1494 1218 ip-

124 1217 175 1259 sis
207 1220 417 1261 montibus
449 1221 628 1263 inclusos
661 1221 823 1263 fuisse?
855 1222 1053 1277 Virgilius
1073 1221 1307 1274 ,Ovidius,
1345 1222 1494 1277 aliique

123 1287 267 1332 poetae
300 1278 479 1334 idipsum
517 1280 662 1336 passim
695 1279 878 1322 edocent.
912 1279 980 1321 Ab
1013 1280 1198 1323 Ethnicis
1231 1279 1404 1335 gradum
1434 1279 1492 1319 ifa-

127 1334 282 1377 ciamus
312 1337 363 1378 ad
395 1337 668 1382 Christianos,
700 1338 762 1380 Cl.
796 1338 1035 1381 Mazochius
1055 1348 1155 1381 tom.
1173 1338 1224 1380 Il.
1242 1338 1336 1379 Kal.
1361 1340 1488 1393 Neap-

123 1407 210 1449 pag.
244 1397 328 1449 392
358 1395 587 1439 Diatribam
621 1399 778 1451 texuit,
812 1398 853 1440 in
885 1411 965 1455 qua
986 1411 1066 1439 non
1086 1395 1488 1451 inerudite-probat,

122 1463 274 1492 veteres
307 1453 557 1497 Christianos
577 1488 587 1508 ‚
620 1466 660 1497 et
694 1472 740 1497 ex
773 1457 877 1512 ipsis
909 1456 1130 1507 doctiores,
1168 1466 1204 1496 et
1229 1454 1492 1510 religiosiores

121 1510 316 1552 vulcanos
338 1512 574 1555 Inferorum
608 1515 743 1556 fauces
761 1528 843 1555 esse
873 1512 1100 1568 arbitratos.
1120 1512 1186 1555 Ad
1204 1514 1307 1554 hanc
1326 1527 1407 1553 rem
1428 1511 1493 1553 de·

120 1569 430 1611 monstrandam
468 1572 690 1613 Annalium
725 1572 1134 1626 Ecclesiasticorum‚
1169 1581 1205 1613 et
1226 1569 1493 1628 quorundam

123 1627 288 1668 Patrum
322 1629 440 1670 affert
485 1631 745 1672 auctoritates
784 1632 852 1687 (ι)
877 1663 889 1682 ,
920 1645 1006 1687 quo
1038 1629 1079 1670 id
1114 1629 1273 1687 probet.
1308 1628 1492 1670 Clarissi-

121 1699 235 1725 mum
277 1697 484 1729 auctorem
515 1699 679 1730 secutus
712 1688 791 1731 fuit
821 1691 896 1730 Vir
927 1689 1111 1745 apprime
1128 1688 1312 1730 eruditus
1347 1687 1492 1728 Vetra-

124 1742 214 1782 nius
247 1755 410 1793 noster,
442 1746 522 1801 qui·
547 1747 588 1787 in
621 1761 744 1802 opere
764 1777 777 1800 ,
808 1746 921 1803 quod
950 1746 1153 1802 inscripsit
1171 1746 1388 1787 vernaculo
1412 1759 1490 1785 ser-

123 1813 244 1842 mone
275 1801 503 1843 Prodomo
541 1803 829 1856 Vesuvimm,
865 1804 1043 1845 mascula
1075 1803 1304 1844 eruditione
1326 1801 1366 1843 id
1400 1817 1490 1843 con·

118 1856 254 1900 firmat
286 1874 320 1900 c.
354 1862 379 1900 6
413 1862 480 1917 qui
514 1862 631 1903 hasce
664 1862 997 1904 Christianorum
1031 1861 1241 1918 opiniones
1276 1873 1405 1918 usque
1437 1858 1490 1901 ad

222 2077 280 2127 (ι)
307 2078 358 2114 Re
401 2093 486 2115 sane
514 2093 596 2115 vera
625 2080 872 2117 Tertullianus
899 2093 973 2131 cap.
1002 2083 1071 2119 ult.
1100 2082 1143 2118 de
1173 2084 1403 2121 Poenitenu'a
1448 2087 1492 2122 ‹le

119 2129 322 2165 Vesuviano
350 2130 431 2176 igne
459 2131 560 2178 verbu
587 2131 717 2167 faciens
735 2130 1006 2180 ,fumam'olam
1034 2133 1222 2183 quondam
1237 2138 1379 2170 aeter-ni
1400 2138 1493 2183 ignis

120 2192 192 2215 esse
218 2181 375 2227 putavit.
400 2179 440 2214 In
471 2179 620 2215 eandem
650 2181 859 2216 sententiam
889 2181 1026 2218 vadunt
1053 2183 1090 2219 S.
1119 2183 1250 2219 Petrus
1293 2183 1491 2222 Damianos

120 2231 155 2264 in
185 2231 287 2276 epist.
315 2228 357 2264 ad
381 2229 609 2266 Desidet-ium
635 2231 813 2267 Abbatem
842 2231 1093 2268 cassinensem
1111 2260 1120 2277 ‚
1149 2234 1282 2284 aliique
1312 2249 1352 2270 ex
1389 2243 1488 2271 vetu-

121 2279 181 2315 stis
207 2279 339 2314 Patres.
