1920 2579
321 129 505 242 gdlitano
536 181 651 222 electi
680 178 794 222 haud
841 178 1015 235 amplius
1046 176 1227 220 Orientis
1260 179 1578 236 Imperatoribus
1625 199 1696 239 pa·

320 252 494 284 ruerunt
519 271 534 292 ,
571 251 609 281 et
638 240 732 281 hine
764 238 952 295 proprios
976 252 1165 278 nummos
1187 236 1403 279 cudebant·
1421 239 1560 280 Postea
1582 255 1697 283 moe-

322 302 391 342 nia
421 298 668 342 reaedificata
702 298 897 350 fuerunt,
929 310 1018 351 quo
1043 311 1085 337 se
1116 294 1381 337 defenderent
1411 296 1516 337 cives
1547 313 1568 336 a
1588 299 1695 340 Lan-

320 358 506 415 gobar-dis
523 389 537 408 ,
573 358 643 412 qui
676 356 822 397 urbem
852 354 1064 396 obsidione
1096 355 1312 408 cinxerunt
1327 369 1434 394 an-no
1454 355 1693 400 DLXXXI.

321 416 601 459 Beneventani*
631 430 726 456 vero
758 414 971 468 Principes
996 412 1099 453 hanc
1133 413 1173 452 in
1209 415 1269 453 sui
1319 412 1553 455 dominium
1593 416 1694 458 obt-i.

317 485 499 516 nuerunt
519 506 533 526 ,
570 472 692 529 idque
726 472 831 512 circa
850 485 1003 512 annum
1037 470 1329 513 DCCCXXX.
1364 473 1513 521 evenit,
1532 484 1570 512 et
1590 474 1686 515 hinc

316 533 584 588 Pandulphus
616 534 693 573 lv.
726 530 961 586 Campanus
994 529 1187 585 Princeps
1221 529 1365 570 urbem
1387 530 1601 585 occupavit
1619 547 1687 573 an-

316 607 371 633 no
406 591 633 632 MXXVH.
667 596 830 644 at‘post
876 599 954 629 tres
1003 602 1132 629 annos
1182 587 1342 642 Sergius
1395 589 1690 643 Neapolitanus

316 652 413 692 Dux
446 649 786 690 Nonnannorum
818 662 894 703 ope
925 645 1070 687 urbem
1099 645 1380 701 recuperavissff
1403 655 1441 685 et
1461 648 1687 692 Ducatum.

314 711 377 752 Ex
410 721 456 748 eo
486 717 670 761 tempore
703 704 899 759 Neapolis
929 703 1091 744 redacta
1121 703 1201 743 fuit
1232 703 1427 743 miserum
1459 704 1500 743 in
1516 716 1684 757 statum,

316 781 412 806 cum
445 775 561 805 antea
594 764 733 811 bella,
766 761 960 803 barbarae
989 761 1205 812 nationes,
1239 760 1420 816 aliaeque
1448 761 1553 803 vices
1599 780 1688 806 eam

315 823 486 865 omnino
517 821 800 877 deturparint‚
832 819 1020 876 quamvis
1050 818 1232 860 aedificia
1264 834 1368 859 nova
1412 819 1687 864 Barbarorum

315 898 430 925 more
460 896 582 934 super
614 877 824 935 magnifica
859 888 1012 919 vetusta
1044 876 1228 929 condita,
1261 887 1382 933 atque
1399 880 1587 934 ampliata
1605 883 1691 924 fne-

313 943 420 994 rint,
454 938 524 981 sed
555 938 704 980 isthaec
739 937 893 978 nullam
927 935 1268 992 magnificentiam
1288 937 1622 992 praeseferebant.

428 999 505 1040 Per
532 1012 580 1039 ‘ea
610 1011 708 1038 vero
740 1004 924 1050 tempora
955 995 1109 1036 vicinae
1139 995 1321 1049 regiones
1352 994 1395 1033 in·
1424 993 1603 1043 diversos
1620 999 1682 1039 di.

309 1055 557 1100 videbantur
588 1055 871 1112 principatus:
906 1052 1122 1094 nonnullae
1156 1051 1336 1093 Orientis
1359 1082 1373 1100 ‚
1412 1053 1510 1093 aliae
1561 1055 1686 1098 Occi-

310 1115 443 1156 dentis
474 1113 794 1169 Imperatoribus
815 1142 825 1162 ,
860 1112 957 1152 aliae
991 1109 1157 1151 tandem
1188 1109 1377 1150 Romano
1410 1110 1582 1153 Summo
1614 1130 1686 1170 pa..

306 1173 453 1216 rebant
472 1171 676 1213 Pontifici.
695 1172 805 1212 Haec
828 1169 994 1210 fortasse
1010 1168 1087 1209 fuit
1104 1181 1224 1208 causa
1243 1166 1295 1208 ob
1316 1182 1439 1223 quam
1452 1171 1685 1214 Normanni

307 1243 467 1273 nostras
500 1240 755 1284 occuparunt
788 1227 980 1280 regiones.
1015 1226 1212 1282 Neapolis
1244 1239 1352 1266 anno
1392 1226 1681 1272 MCXXXIX.

307 1289 485 1345 Rogerio
519 1288 673 1328 Siciliae
704 1284 803 1340 Regi
837 1285 915 1325 fuit
946 1284 1158 1339 subiecta,
1192 1297 1319 1340 aeque
1350 1298 1397 1324 ac
1427 1299 1568 1327 omnes
1583 1287 1682 1330 aliae

309 1347 438 1402 Regni
472 1346 602 1388 urbes.
637 1342 838 1386 Nonnulli
872 1344 1004 1399 Reges
1037 1352 1128 1399 post
1161 1342 1381 1397 Rogerium
1414 1344 1558 1385 urbem
1592 1361 1681 1388 am-

306 1406 486 1462 pliarunt
507 1436 518 1456 ,
550 1420 674 1461 eaque
707 1413 800 1458 post
830 1403 1057 1457 sequiorem
1079 1412 1249 1442 aetatem
1268 1399 1519 1456 splendidius
1536 1414 1594 1445 est
1612 1419 1679 1447 re-

306 1464 421 1504 dacta
442 1496 455 1514 ,
494 1463 623 1504 donec
655 1460 826 1503 Carolus
857 1460 885 1501 I·
915 1460 1216 1515 Andegavensis
1247 1459 1359 1501 illam
1391 1462 1518 1514 Regni
1540 1464 1600 1503 sui
1619 1480 1678 1506 se-

307 1522 407 1564 dem
432 1523 602 1571 effecit,
639 1522 708 1575 qui
744 1518 854 1560 urbis
885 1518 1086 1559 ambitum
1122 1519 1318 1559 maiorem
1352 1518 1530 1561 reddidit
1570 1522 1674 1563 circa

307 1596 460 1621 annum
495 1578 758 1620 MCCLXX.
791 1576 1073 1618 Ferdinandus
1107 1578 1138 1616 1.
1171 1579 1397 1629 Aragoniae
1446 1578 1532 1620 Rex
1567 1593 1675 1620 anno

305 1637 748 1680 MCCCCLXXXIV.
784 1635 966 1675 ultimam
999 1635 1092 1673 huic
1111 1635 1200 1674 urbi
1218 1634 1351 1674 effecit
1369 1636 1673 1690 ampliationem

305 1697 505 1737 adiunctis
537 1694 708 1736 moeniis
731 1724 746 1742 ,v
775 1691 953 1733 turribus
986 1692 1213 1732 fortissimis
1234 1720 1245 1742 ,
1280 1701 1318 1730 et
1348 1703 1528 1746 quatuor
1546 1696 1671 1749 portis

304 1756 344 1795 S.
379 1756 530 1796 Mariae
561 1753 613 1793 ad
644 1750 909 1798 Carmelum,
945 1749 1061 1803 vulgo
1092 1754 1224 1790 Porta
1261 1749 1336 1789 del
1356 1751 1566 1805 Carmine,
1586 1755 1674 1795 No.v

304 1814 446 1863 lanae,
481 1812 738 1865 Campanae,
771 1819 811 1848 et
841 1808 879 1849 S.
914 1808 1101 1849 Ianuarii.

420 1870 739 1926 Neapolitanum
770 1867 919 1907 interea
951 1868 1134 1920 Regnum
1169 1866 1396 1909 subiectum
1441 1883 1552 1909 nunc
1592 1870 1668 1910 Hi·

302 1929 436 1984 spanis
468 1928 642 1982 Regibus
664 1958 676 1976 ‚
711 1940 819 1966 nune
851 1928 1135 1966 homanorum
1167 1925 1405 1981 Imperatori
1440 1928 1564 1968 varias
1614 1929 1668 1968 vi-

303 2003 366 2028 ces
399 2002 557 2041 passum
583 2002 591 2025 :
622 1986 724 2026 hanc
757 1983 810 2024 ob
841 1984 1038 2025 rationem
1069 1999 1089 2022 a
1122 1983 1387 2038 Proregffius,
1421 1995 1458 2025 et
1488 1987 1573 2026 aliis
1591 1987 1664 2027 Vi-

302 2047 356 2085 ris
388 2044 607 2086 illustribus
639 2043 689 2083 ab
719 2041 1035 2097 Imperatoribus
1067 2041 1300 2082 Occidentis
1332 2043 1460 2083 missis
1478 2039 1663 2097 Regnum

301 2102 602 2156 improvinciae
653 2102 830 2142 formam
876 2100 953 2139 fuit
1001 2099 1347 2140 administratum..
1392 2099 1667 2142 inficiandum

302 2160 413 2199 haud
446 2170 534 2209 est,
570 2161 669 2214 quin
703 2158 778 2198 sub
809 2157 974 2199 illorum
1006 2157 1116 2196 vario
1137 2156 1425 2210 gubernamine
1444 2158 1538 2201 urbs
1558 2163 1662 2200 Nea-

301 2216 405 2273 polis
436 2218 555 2256 suerit
587 2217 816 2273 saepissime
847 2218 1040 2257 miserum
1070 2216 1110 2255 in
1140 2226 1290 2255 statum
1323 2216 1496 2267 redacta,
1521 2227 1559 2257 et
1591 2232 1660 2272 per

301 2291 345 2317 ea
378 2286 561 2331 tempora
592 2290 700 2316 nunc
733 2274 976 2316 factionibus
1003 2306 1015 2324 ,
1044 2274 1234 2315 caedibus
1266 2274 1510 2326 horrendis,
1549 2289 1657 2315 nune
