1920 2579
302 167 389 207 ²70

734 251 1145 296 ΔΙΑΤΡΙΒΗ
1197 259 1249 297 Χ.

306 378 366 421 In
398 393 485 436 qua
515 381 654 433 agitur
703 377 758 419 de
808 377 856 423 S.
889 361 1093 421 Ianuarii
1119 377 1333 433 Mat-tyris
1348 409 1364 428 ,
1401 388 1441 419 et
1473 378 1683 434 Episcopi

366 437 670 479 Beneventani
700 435 824 478 Cultu
846 467 860 487 ,
894 437 1293 486 fraudationibus,
1323 445 1365 477 et
1405 436 1582 479 Cruoris
1631 438 1680 479 12·-

368 500 614 553 quescentis
651 505 848 551 tempore.

863 637 1144 666 -eoemmfflawo-

313 809 406 914 S.
442 863 615 906 Ianuarii
634 863 828 905 memoria
847 863 886 904 in
920 863 1097 905 Ecclesia
1113 862 1343 904 Christiana
1376 863 1479 905 adeo
1513 863 1680 905 celebris

313 926 454 974 evasit,
493 933 539 963 ut
570 923 649 962 iam
671 921 822 979 ubique
855 932 1055 962 terrarum
1088 919 1266 963 eiusdem
1299 922 1448 963 Cultus
1466 922 1587 962 suerit
1608 922 1688 963 dif-

313 984 439 1024 fusus.
489 980 538 1021 Id
587 990 726 1021 autem
785 981 872 1020 iure
906 981 1084 1032 merito,·
1137 994 1233 1021 cum
1267 981 1375 1021 enim
1407 980 1447 1022 S.
1495 979 1689 1036 Martyris

311 1037 481 1095 Sanguis
523 1038 662 1081 multis
709 1037 857 1079 abhinc
891 1037 1055 1079 saeculis
1089 1047 1218 1078 sarnus
1266 1051 1311 1077 ac
1343 1047 1472 1079 tectus
1517 1037 1689 1093 Neapoli

314 1107 525 1149 servetur,
556 1098 708 1152 quique
740 1097 959 1152 quotannis
990 1097 1150 1136 statutis
1189 1093 1330 1137 diebus
1364 1095 1599 1136 mirandum
1649 1095 1691 1136 in

314 1154 487 1196 modum
525 1153 724 1209 liquefieri
763 1164 982 1203 cernatur,
1018 1168 1064 1194 ex
1099 1154 1176 1192 hoc
1209 1150 1313 1192 clare
1351 1153 1520 1205 eruitur,
1556 1154 1691 1194 Deum

314 1215 367 1254 O.
400 1214 457 1253 M.
505 1226 576 1267 per
627 1211 807 1252 eiusdem
857 1210 1048 1267 Martyris
1099 1209 1241 1262 merita
1274 1210 1492 1264 Neapolim
1549 1208 1693 1252 urbem

316 1284 431 1325 saepe
462 1283 484 1307 a
516 1268 756 1310 Vesuvianis
786 1268 962 1308 flammis
984 1299 999 1318 ,
1054 1279 1093 1308 et
1126 1268 1436 1310 terraemotibus
1491 1266 1690 1309 liberasse.

317 1329 415 1369 Eius
445 1341 540 1366 vero
572 1325 718 1366 Cultus
749 1324 919 1380 Neapoli
953 1335 1010 1365 est
1049 1324 1390 1378 antiquissimus:
1424 1339 1547 1366 nemo
1581 1326 1695 1367 adest

317 1401 366 1427 ex
403 1385 604 1433 vetustis,
644 1384 744 1438 quin
782 1393 820 1423 et
853 1384 1015 1438 nuperis
1046 1381 1283 1424 auctoribus
1318 1383 1485 1437 patriis,
1535 1394 1574 1423 et
1629 1398 1695 1424 ex-

318 1443 441 1493 teris,
477 1442 548 1496 qui
578 1440 629 1481 de
661 1442 736 1482 hoc
767 1440 1030 1482 invictissimo
1062 1439 1215 1481 Christi
1253 1440 1419 1482 Athleta
1468 1442 1694 1496 emphatice

319 1500 432 1542 haud
465 1499 680 1555 scripserit.
712 1502 799 1542 Nos
832 1499 995 1540 interim
1047 1512 1172 1555 pauca
1206 1498 1256 1539 de
1290 1499 1435 1541 eodem
1479 1498 1692 1550 dicemus,

321 1570 360 1600 et
400 1560 584 1615 primum
615 1556 666 1599 de
699 1557 877 1599 eiusdem
911 1557 1050 1599 Cultu.

441 1617 472 1658 Ι.
503 1615 619 1657 Nihil
651 1617 771 1671 igitur
806 1615 1070 1672 Neapolitana
1103 1615 1142 1654 in
1183 1613 1362 1656 Ecclesia
1383 1625 1440 1657 est
1472 1615 1693 1672 antiquius,

323 1691 448 1732 quam
482 1674 664 1715 eiusdem
700 1673 857 1715 Cultus.
903 1674 1027 1715 Haud
1081 1674 1264 1729 quemvis
1299 1673 1432 1725 fallit,
1463 1674 1505 1717 S.
1556 1674 1698 1714 Ianua-

323 1736 432 1775 rium
467 1732 602 1774 statim
647 1741 742 1785 post
778 1743 953 1773 mortem
988 1732 1112 1773 fuisse
1141 1729 1324 1772 cultum:
1370 1731 1701 1790 quandoquidem

324 1792 500 1832 maxima
533 1789 728 1832 beneficia
760 1791 870 1831 Deus
901 1790 954 1832 ob
990 1789 1170 1831 eiusdem
1209 1790 1351 1831 merita
1403 1791 1483 1831 suis
1531 1791 1701 1831 concivi-

324 1849 401 1892 bus
437 1849 506 1907 (1)
541 1859 597 1890 est
646 1848 833 1904 elargitus
880 1850 1092 1890 turmatim
1127 1845 1180 1887 ad
1215 1849 1299 1890 eius
1329 1849 1589 1906 sepulchrum
1637 1848 1705 1890 ad-

430 2089 488 2136 (1)
516 2088 627 2124 Patrii
655 2087 846 2138 scriptores
873 2087 1034 2123 diversas
1077 2087 1214 2123 iverunt
1240 2088 1275 2122 in
1303 2087 1492 2122 sententias
1538 2085 1628 2120 circa
1658 2083 1698 2119 S.

328 2140 491 2188 Martyris
517 2140 697 2187 patriam:
740 2138 802 2173 alii
835 2138 1162 2181 Beneventanum,
1208 2136 1266 2172 alii
1302 2135 1576 2184 Neapolitanum
1628 2145 1701 2168 esse

329 2189 600 2238 praedicarunt.
630 2192 718 2224 Acta
746 2188 919 2224 Vaticana
949 2187 1037 2223 haec
1064 2187 1249 2236 sequentia
1276 2186 1410 2222 habent
1435 2185 1555 2220 verba:
1594 2183 1705 2220 Chri-

330 2241 438 2275 stiani
463 2246 584 2273 autem
610 2237 836 2276 diversarum
860 2236 1004 2273 urbium
1047 2235 1298 2274 custodiebant
1343 2245 1501 2284 corpora
1539 2233 1569 2268 S
1578 2240 1710 2269 ancto-

329 2302 409 2325 rum
432 2317 443 2335 ,
489 2296 528 2324 ut
568 2301 613 2324 ea
659 2296 768 2326 noctu
822 2290 950 2338 raptim
1001 2288 1171 2324 tollerent
1193 2314 1203 2330 ‚
1243 2293 1276 2323 et
1311 2287 1346 2320 in
1381 2283 1581 2321 civitatibus
1635 2286 1701 2319 suis
