1920 2579
1489 68 1568 107 113

197 139 277 173 tur.
298 127 476 187 Templa
494 138 592 173 vero
606 124 713 167 inter
729 137 774 168 se
789 135 939 181 parum
956 119 1167 164 distabant
1182 151 1197 172 ,
1228 129 1353 180 atque
1369 119 1565 180 propiora

195 198 317 232 erant
347 200 501 246 magno
534 183 719 229 aedificio
739 215 752 234 ‚
790 181 900 241 quod
932 179 1040 239 apud
1071 178 1277 239 quosdam
1315 181 1519 228 χαλκῐὸικον
1559 214 1572 232 ,

188 247 303 306 μεηηιᾶ
338 247 437 290 alios
473 245 633 287 Forum
682 242 820 286 audiit.
833 241 1049 277 Χαλκῑδικον
1081 250 1208 298 prout
1242 250 1383 298 patet,
1430 242 1575 286 locum

191 307 315 349 fuisse
345 304 535 357 videtum
579 303 648 346 ubi
685 318 780 345 aera
808 301 1070 346 cudebantur
1090 336 1101 354 ‚
1140 300 1269 358 vulgo
1305 301 1474 345 Zecca:
1505 302 1571 344 vei

190 364 426 409 aedificium
447 395 459 414 ,
497 362 567 406 ubi
615 363 718 407 haec
753 360 896 405 eadem
935 361 1107 419 negotia
1142 358 1193 402 ad
1241 375 1442 403 nummos
1476 376 1572 419 spe-

189 424 341 467 ctantia
386 420 730 465 diiudicabantur.
772 420 955 476 Quidam
999 418 1207 469 χαλκίόῑκον
1240 420 1397 462 atrium
1445 420 1574 462 inter-

187 492 404 541 petrantur
418 514 434 534 ,
458 496 541 539 quo
561 491 719 525 veteres
753 480 974 523 utebantur
1002 515 1018 536 ,
1056 492 1139 537 quo
1172 478 1413 522 numinibus
1445 478 1571 522 festos

186 543 272 586 dies
291 539 514 586 sadrarent.
530 540 617 583 Alii
637 538 740 582 illud
754 539 879 584 fuisse
901 538 1112 598 privatum
1127 535 1365 580 aedificium
1382 536 1572 593 credunt,

187 599 299 661 quod
319 600 470 644 Caesar
485 600 528 642 in
544 599 608 642 sui
628 599 810 656 parentis
827 596 1011 643 condidit
1025 596 1243 640 honorem.
1265 597 1322 639 At
1341 597 1573 653 quomodo·

191 675 355 717 cunque
387 675 429 701 se
463 673 527 701 res
575 657 730 707 habet,
777 656 883 700 illud
919 671 996 717 pro
1027 666 1146 702 certo
1194 662 1289 707 est,
1325 657 1397 699 tali
1449 655 1572 699 fnisse

188 720 358 761 nomine
387 718 498 758 hunc
526 717 667 758 locum
701 717 914 758 donatum.
949 718 1044 757 Hoc
1074 715 1305 757 aedificium
1326 715 1574 772 quadratum

189 775 283 826 fuit,
313 773 436 832 pedes
453 773 605 815 habens
638 774 917 817 CCXXVIII.
949 775 1065 816 euius
1097 774 1267 815 interior
1298 788 1391 830 pars
1423 790 1444 815 a
1476 790 1575 831 por-

192 833 340 876 ticibus
370 832 670 875 sustentabatur
718 848 792 890 per
823 831 1034 876 columnas
1056 863 1069 883 ,
1099 832 1143 873 in
1176 831 1292 874 cuius
1320 846 1442 875 muro
1462 832 1575 875 sedes

186 892 239 933 ad
268 892 462 946 imagines
494 891 667 931 fortasse
695 891 879 933 fumosas
909 890 1169 945 accipiendas
1200 900 1318 931 erant
1339 891 1571 933 conforma-

186 959 262 991 tae.
293 951 355 990 Ex
385 949 460 989 alia
494 957 610 1004 parte
625 947 886 1005 peristyiium
903 947 1040 989 XLIt.
1061 947 1355 990 columnarum
1376 964 1574 1006 magnum

189 1008 296 1051 circa
326 1007 481 1049 atrium
512 1005 770 1047 efformahat.
803 1005 870 1048 Ad
903 1006 1038 1047 aditus
1070 1005 1354 1062 cuiuscunque
1385 1009 1573 1064 porticus

187 1078 331 1122 magna
363 1064 502 1107 aderat
533 1064 636 1108 basis
659 1083 671 1105 .·
703 1065 755 1107 ad
787 1065 1089 1108 extremitatem
1122 1075 1260 1107 autem
1282 1065 1405 1107 huius
1423 1065 1576 1108 descri-

188 1126 248 1182 pti
279 1123 451 1166 aedificii
482 1123 674 1165 sacellum
707 1123 938 1177 videbatur,
958 1123 1011 1166 ad
1043 1122 1160 1181 quod
1192 1139 1266 1181 per
1296 1124 1444 1180 gradus
1485 1136 1572 1167 erat

184 1183 501 1226 aseendendum.
535 1182 582 1224 In
614 1183 702 1225 basi
733 1198 830 1226 vero
859 1183 935 1224 tria
968 1198 1015 1225 ex
1046 1197 1252 1226 marmore
1297 1183 1574 1240 adsurgebant

183 1243 326 1297 signa3
357 1243 398 1284 in
431 1244 547 1284 cuius
577 1241 714 1285 medio
759 1242 998 1300 Vespasiani
1029 1243 1311 1300 Imperatoris,
1341 1244 1503 1300 aliaque
1530 1245 1572 1284 in

182 1300 277 1343 sella
308 1301 441 1343 curuli
473 1301 680 1356 sedentia,
716 1310 757 1342 et
784 1303 827 1337 τοὶ
851 1300 1002 1348 ἀκέφαλα
1032 1302 1157 1343 fuisse
1189 1313 1372 1360 apparet.
1405 1302 1517 1344 Inter
1538 1319 1567 1344 a·

181 1360 232 1399 lia
262 1369 421 1418 reperta
451 1361 565 1402 fuere
604 1362 813 1418 Augusti,
846 1360 1116 1411 Germanici,
1167 1360 1343 1404 Neronis
1392 1361 1518 1404 Drusi
1548 1394 1563 1413 7

182 1418 342 1460 Gtaudii
362 1451 373 1471 ,
403 1427 444 1459 ct
473 1420 676 1462 Antoniae
702 1421 825 1476 signa.

298 1479 408 1520 Ante
439 1477 615 1519 diximus
634 1509 646 1530 ,
680 1478 828 1535 templa
860 1479 1055 1537 propiora
1085 1477 1270 1521 aedificio
1301 1478 1423 1522 fuisse
1443 1511 1455 1531 ,
1488 1496 1559 1521 cu-

182 1538 247 1577 ius
280 1551 392 1578 nunc
423 1552 552 1593 usque
582 1539 835 1580 mentionem
866 1539 1173 1582 fecimus-Haec
1191 1536 1277 1580 duo
1293 1538 1446 1594 templa
1463 1555 1561 1596 qua-

183 1595 297 1636 drata
328 1595 442 1636 suere
472 1597 607 1637 forma
629 1626 644 1647 ,
683 1611 808 1653 eaque
838 1612 994 1655 parva,
1032 1611 1164 1639 unum
1195 1597 1323 1648 alteno
1366 1596 1486 1639 latius
1517 1614 1557 1639 e-

180 1663 271 1707 rat,
302 1653 354 1694 ad
386 1653 500 1695 cuius
530 1665 692 1712 portam
722 1671 867 1698 currus
912 1655 1212 1713 adspiciebatur
1258 1671 1381 1713 supra
1428 1656 1558 1698 basim

182 1726 229 1752 ex
262 1726 377 1764 aere,
412 1713 526 1753 cuius
558 1714 612 1754 ob
644 1723 884 1770 temporum
915 1715 1229 1770 longaevitatem
1261 1716 1329 1757 vix
1362 1715 1556 1773 reliquiae

182 1779 375 1826 repertae.
408 1771 721 1825 Sanctuariutn,
755 1773 837 1813 sive
867 1772 1041 1830 adytum
1072 1772 1124 1813 ad
1157 1773 1299 1827 templi
1331 1783 1556 1814 extremam

182 1838 339 1883 partem
373 1827 589 1870 visebatur.
622 1830 713 1870 Hoc
745 1833 947 1888 templum
980 1829 1102 1886 pedes
1134 1829 1259 1872 habet
1289 1830 1376 1874 CL.
1411 1831 1559 1873 inlon·

179 1885 363 1939 gitudine
383 1923 396 1942 ‚
426 1887 518 1931 LX.
558 1888 597 1928 in
637 1887 859 1930 latitudine.
901 1887 1092 1930 Alterum
1107 1902 1205 1931 vero
1224 1904 1395 1946 parvum
1418 1901 1559 1946 portae

179 1945 302 2000 unius
325 1946 544 1989 introitum
576 1945 751 1989 habebat
782 1947 924 2002 (dum
961 1948 1072 1989 alind
1104 1947 1205 1989 duas
1243 1948 1423 2005 habuit)
1447 1948 1566 1990 duas-

179 2019 259 2059 que
293 2019 474 2048 cameras
496 2037 508 2058 ‚
535 2005 577 2045 in
613 2005 763 2060 quibus
800 2006 1093 2048 sacrificiorum
1123 2007 1310 2048 utensilia
1340 2008 1555 2050 servaban-

182 2072 281 2113 tur,
316 2074 355 2104 et
385 2067 425 2106 in
466 2065 550 2106 eius
591 2066 716 2121 adyto
750 2080 903 2108 numen
938 2064 1160 2106 colebatur.
1192 2065 1450 2119 Quibusnam
1484 2082 1552 2108 ve-

177 2135 224 2161 ro
256 2124 408 2180 templa
450 2123 527 2164 diis
560 2121 733 2164 dicarint
764 2125 1115 2174 Herculanenses‚
1154 2125 1266 2165 nulla
1315 2123 1366 2165 de
1402 2126 1476 2166 hae
1512 2141 1555 2166 re

180 2180 329 2223 evuditi
370 2181 490 2223 verba
525 2181 686 2234 fecere,
726 2190 887 2239 praete‘r
922 2197 1053 2225 unum
1088 2183 1200 2239 quod
1227 2184 1350 2225 Matri
1371 2184 1552 2229 Deorum

173 2238 358 2283 dicatum
399 2256 446 2283 ex
481 2250 640 2301 reperto
677 2241 811 2299 lapide
849 2241 944 2285 satis
966 2241 1177 2299 probatur.
1211 2243 1306 2287 Hoc
1332 2241 1446 2284 aliud
1475 2258 1541 2304 pss-z

288 2299 336 2341 T·
397 2300 439 2346 Ι.
1252 2300 1302 2355 36

1635 1484 1753 1521 Templa,
