1920 2579
360 142 437 185 2³8

345 217 469 258 quem
505 200 770 260 sepulchrum
803 202 1042 259 pertinuit,
1087 204 1237 265 cuique
1265 206 1443 254 statuim
1491 224 1722 273 equestrem

343 265 385 305 iu
420 265 531 308 Foro
563 264 670 305 cives
701 262 935 306 dedicarant
960 281 970 306 :

726 383 1351 426 ..RICIO.A.F.MEN.

927 435 1124 473 SCAURO

821 486 1236 526 11.v1R.1.D.

591 569 600 578 .
632 566 640 576 .
668 537 955 577 ECURIONES
986 564 995 574 .
1023 538 1202 576 LOCUM
1231 568 1240 576 .
1269 540 1456 581 MONUM
1485 559 1498 582 .-

367 590 440 640 (Χ)
469 589 534 638 (Χ)
565 619 573 628 .
603 591 654 628 IN
681 617 691 628 .
715 589 917 626 FUNERE
946 614 956 624 .
983 589 1051 624 ET
1077 614 1088 625 .
1115 589 1354 628 STATUAM
1381 619 1391 630 .
1418 593 1647 641 EQUESTR
1677 616 1688 634 ³

495 668 509 685 ,.
539 669 547 679 .
580 670 590 679 .
622 669 630 678 .
661 669 669 677 .
697 641 799 677 osso
828 666 837 675 .
864 639 1141 676 PONENDAM
1169 667 1179 676 .
1206 642 1547 685 CENSUERUNT

687 691 914 732 SCAURUS
939 715 950 727 .
975 691 1137 729 PATER
1161 717 1174 735 ,.
1200 691 1346 730 F1L10.

333 804 544 845 Utrumne
576 816 673 843 vero
705 801 773 842 hie
804 800 1013 844 Fabricius
1032 833 1046 853 ,
1077 802 1140 843 vel
1173 800 1396 847 Castricius
1435 805 1621 852 *Scaurus
1665 825 1714 855 ox

331 862 441 905 tribu
475 861 689 914 Menenia,
721 871 761 902 et
792 860 890 902 civis
921 861 1197 917 Pompeianus
1226 862 1351 906 fuerit
1399 866 1656 926 propinquus
1688 904 1703 923 ,

329 922 392 964 vel
423 920 618 976 sanguine
647 920 894 963 coniunctus
924 923 983 962 M.
1015 919 1168 962 Scauro
1201 921 1426 976 Romano,
1462 927 1579 969 cuius
1623 944 1709 971 me-

329 981 452 1024 minit
484 978 641 1022 Plinius
672 980 778 1022 Hist.
811 979 959 1020 Natur.
992 976 1064 1021 lib.
1095 978 1297 1022 XXXVI.
1345 996 1383 1023 c·
1414 991 1471 1036 24
1511 985 1582 1041 qui
1624 987 1709 1030 Ro-

327 1054 498 1083 manum
532 1037 635 1080 illud
668 1038 893 1081 maximum
927 1036 1111 1080 condidit
1139 1037 1367 1082 Theatrum
1387 1071 1403 1093 ,
1440 1041 1505 1084 vel
1553 1043 1656 1086 alius
1687 1080 1704 1099 ,

327 1100 536 1142 incertum
567 1098 738 1154 quidem
769 1108 840 1139 est.
871 1098 963 1140 Hoc
995 1110 1126 1140 unum
1158 1107 1319 1139 certum
1349 1109 1409 1141 est
1433 1129 1447 1150 ,
1495 1101 1708 1161 Pompeia,

326 1174 432 1201 num
464 1159 665 1201 Scaurum
697 1156 897 1200 celebrem
931 1156 1083 1208 fuisse,
1117 1167 1156 1198 et
1187 1155 1293 1198 cives
1326 1157 1459 1199 eidem
1491 1162 1585 1203 satis
1633 1163 1706 1207 de-·

327 1217 479 1261 bebant
511 1218 567 1260 ob
596 1217 799 1259 iustitiam
831 1227 939 1258 recte
969 1215 1298 1257 administratam
1320 1247 1332 1270 ,
1363 1217 1405 1259 et
1455 1217 1708 1265 Duumxira-

323 1287 431 1322 tum.
461 1278 565 1320 Fato
598 1277 748 1318 deinde
780 1275 927 1317 functo
961 1274 1094 1317 eidem
1126 1284 1446 1319 monumentum
1471 1292 1705 1335 erexerunt,

324 1347 364 1377 et
397 1337 523 1379 funus
555 1336 832 1394 opidanorum
863 1334 1057 1391 impensis
1089 1332 1341 1377 celebratum
1363 1365 1379 1388 ,
1416 1335 1480 1378 in'
1503 1352 1587 1394 quo
1627 1342 1706 1397 gig-20

324 1394 494 1438 diatoria
527 1394 759 1454 spectacula
793 1394 902 1437 edita
931 1394 1060 1437 (fuere.
1092 1393 1158 1436 Ne
1189 1394 1293 1436 tanti
1328 1395 1428 1438 civis
1471 1396 1594 1453 igitur
1614 1430 1625 1452 ,
1659 1412 1699 1442 et

321 1467 693 1498 monumentorum
725 1455 925 1497 memoria
957 1454 1064 1496 foret
1096 1453 1336 1507 obliterata,
1373 1469 1421 1499 ex
1474 1470 1705 1501 marmora*

320 1524 365 1555 to
398 1514 635 1557 efficiendas
667 1517 797 1558 varias
826 1514 1100 1571 gladiatorum
1136 1514 1410 1570 pugnantium
1455 1513 1603 1571 figuras
1636 1535 1703 1560 su-

328 1588 399 1626 pra
435 1575 698 1630 sepulchrum
731 1584 966 1626 curarunt,
998 1584 1050 1614 *ut
1082 1587 1129 1615 ex
1161 1571 1365 1629 pluribus,
1401 1589 1506 1630 quae
1528 1587 1705 1632 restant,

329 1631 464 1673 sidere
495 1643 567 1676 est.
602 1633 706 1675 Satis
741 1642 945 1690 apparet,
977 1632 1056 1674 hoc
1077 1639 1398 1672 monumentum
1415 1632 1514 1673 olim
1544 1632 1584 1673 iu
1605 1650 1698 1690 par-

326 1701 364 1731 te
396 1691 517 1733 fuisse
563 1703 835 1734 restauratum
858 1722 875 1744 ,
910 1705 1004 1733 cum
1038 1687 1259 1732 nonnullae
1288 1688 1557 1744 gladiatorum
1604 1693 1703 1749 figu÷

323 1765 389 1790 rae
419 1762 512 1792 sunt
546 1753 631 1793 aliis
654 1753 920 1804 recentiores3
952 1751 1032 1793 sub
1048 1747 1299 1806 quibusdam
1318 1760 1541 1806 supersunt
1560 1751 1702 1794 adhuc*

322 1809 508 1865 ipsorum
539 1811 738 1863 nomina,
771 1811 843 1869 qui
876 1810 1046 1851 sortasse
1077 1810 1117 1850 in
1152 1822 1289 1865 pugna
1340 1818 1505 1852 strenue
1545 1824 1697 1867 pugna-

322 1880 419 1909 runt
438 1901 453 1921 ,
492 1881 538 1912 ut
582 1871 755 1930 exempli
802 1868 951 1926 gratia:
998 1868 1190 1910 Munere
1211 1899 1220 1910 .
1247 1899 1256 1908 .
1279 1901 1290 1912 .
1314 1900 1324 1912 .
1354 1867 1572 1924 Ampliati
1591 1901 1599 1911 .
1641 1870 1698 1911 P}

321 1927 516 1972 ,δ’ῑιηῃνιο.
549 1931 628 1972 Hic
660 1930 895 1989 Ampliatus
925 1928 1096 1972 sortasse
1134 1925 1335 1983 gladiator
1372 1926 1540 1968 celebris
1571 1927 1650 1969 suit
1680 1959 1697 1981 ,.

317 1986 377 2027 vel
410 1989 511 2031 alius
541 1991 620 2033 vir.

84 2036 319 2108 fssffl‘gffiffl
439 2048 627 2092 Alterum
661 2049 926 2107 sepulchrum
958 2045 1009 2088 ad
1040 2059 1262 2103 quemnam
1297 2043 1543 2101 pertinuerit
1563 2075 1578 2096 ,
1632 2045 1693 2085 in-

80 2096 482 2152 GMw-{iiPlu-certum
502 2140 518 2162 ,
555 2123 652 2151 cum
683 2108 795 2151 nulla
826 2107 969 2150 existat
1001 2104 1213 2146 memoria.
1246 2103 1339 2146 Hoc
1371 2100 1596 2145 rotundum
1631 2113 1691 2144 est

179 2153 221 2175 m,
322 2181 445 2223 opere
474 2166 679 2222 lateritio,
709 2169 825 2210 cuius
857 2165 1034 2209 exterior
1064 2177 1161 2222 pars
1193 2163 1316 2205 etiam
1347 2178 1396 2206 ex
1434 2173 1693 2204 marmorato¹

311 2236 384 2268 est.
416 2226 515 2268 Pars
545 2228 732 2284 superior
776 2225 888 2268 haud
922 2234 1062 2278 extat3
1095 2223 1331 2266 Vesuviana
1377 2219 1487 2264 enim
1534 2220 1689 2263 confla-

303 2286 434 2339 gratio
465 2300 558 2329 eam
588 2285 815 2329 subvertit:
848 2286 1007 2328 circum·
1039 2292 1136 2326 sunt
1179 2296 1306 2323 urnae
1335 2278 1555 2323 cinerariae
1575 2311 1591 2333 ,
1645 2280 1692 2320 iu-

308 2344 460 2403 quibus
488 2346 623 2392 adhuc
654 2346 807 2391 cineres
823 2376 845 2405 ,Α
875 2354 917 2390 et
947 2357 1039 2388 ossa
1068 2349 1303 2403 supersum
1332 2341 1570 2400 Sequuntur
1600 2337 1691 2382 duo>
