1920 2579
286 141 457 212 Be9nenatus
481 180 655 221 Episcopus
673 178 855 210 Misenensis
899 178 939 218 78

282 223 494 254 Beneventani
517 231 590 252 cum
613 222 773 252 Saracenis
796 231 855 263 pu·

322 272 415 306 gnant
882 259 939 291 188

280 306 458 337 Bertaridus
480 306 542 335 dux
566 304 801 336 Medici-‘mensis
879 303 935 334 183

281 349 387 388 Bigae,
406 355 435 377 et
455 349 580 377 Birotae
602 356 754 386 quaenam
766 353 851 378 eraut
875 347 936 389 239

278 390 463 429 Bithynicus
507 388 663 418 Duumvir
719 388 856 419 Nolanus

321 432 404 459 viam
428 441 445 459 a
468 429 545 459 Nola
568 431 601 458 in
623 428 773 469 Apuliam
805 441 854 462 re-

320 478 435 500 staut‘at

277 513 426 541 Borbonii
449 514 547 552 Reges
569 513 765 554 Neapolitani

280 554 406 593 Bulgari
429 565 491 594 quo
514 565 591 584 anno
614 557 645 584 in
657 555 776 585 Italiam
800 564 851 585 ve-

322 597 415 624 niunt
443 594 509 632 184.
537 596 654 626 Samnii
669 603 790 637 partem
813 596 850 626 ad

322 637 526 666 habitandum
551 645 704 678 occupant

280 678 411 707 Buricus
435 678 511 718 quid
526 678 677 718 siguificat
688 679 770 719 apud
786 680 849 710 Me-

321 718 363 747 dii
388 720 467 749 AEvi
489 722 656 760 scriptores

280 759 452 800 Buthysiae
476 768 634 791 certamen
648 761 726 802 quid
750 763 787 790 sit
894 760 934 791 28

281 800 431 831 Butilinus
454 803 605 832 aNarsete
621 803 660 832 ad
683 803 854 833 Casilinum

874 469 934 501 233

876 522 933 553 190

854 635 932 666 ibid.

323 841 360 873 ad
383 845 628 875 internecionem
650 843 788 875 redactus
879 854 934 884 ¹09

286 1011 445 1040 Caeretani
469 1011 614 1041 Etruriae
638 1014 745 1053 populi
879 1013 937 1044 125

279 1053 425 1091 Caligula
439 1054 607 1092 imperator
628 1054 766 1084 Xerxem
785 1056 854 1084 imi-

324 1099 417 1132 tatur,
431 1104 513 1123 mare
537 1095 685 1125 Baianum
701 1097 851 1126 contabu-

319 1135 385 1163 laus
899 1147 936 1165 20

282 1181 439 1215 Campana
463 1176 512 1206 via
530 1176 637 1206 eadem
658 1187 692 1206 ac
708 1178 853 1207 Consula-

324 1219 363 1246 ris
651 1227 691 1259 29
714 1228 773 1247 212
796 1226 825 1249 et
848 1229 934 1259 seqq.

282 1259 390 1300 Campi
416 1258 579 1298 Phlaegrei
897 1259 938 1297 34

281 1302 372 1331 Canis
393 1300 454 1340 Cr)r
464 1307 516 1340 pta
878 1302 937 1340 139

280 1341 445 1372 Cantarelli
470 1342 620 1372 Balneum
898 1341 937 1383 39

280 1386 413 1422 Capreae
439 1384 538 1412 insula
556 1394 611 1413 112
632 1391 661 1413 et
676 1395 763 1424 seqq¹
785 1386 853 1414 uni-

323 1432 351 1453 ta
377 1425 450 1454 otim
474 1431 572 1453 terrae
596 1425 655 1455 fuit
678 1427 753 1456 ibid.
783 1427 854 1456 vul-

322 1467 449 1495 canicae
472 1469 617 1496 materiae
853 1465 930 1496 ibid.

278 1509 426 1547 Capraria
451 1508 557 1538 eadem
580 1519 615 1538 ae
632 1511 768 1549 Capreae
796 1511 853 1540 113

319 1550 400 1578 hanc
426 1549 559 1580 insulam
583 1552 726 1581 Tiberius
763 1551 853 1591 eligit

319 1590 420 1620 sedem
437 1592 706 1631 impudicitiarum
727 1592 784 1622 118
798 1594 857 1623 vit-

320 1633 384 1668 las,
411 1634 538 1671 hortos,
568 1635 700 1671 balnea,
739 1642 770 1664 et
805 1645 856 1664 ae·

318 1672 422 1703 dificia
457 1677 608 1704 construit
653 1687 719 1715 ¹¹7·
737 1676 856 1705 Pharus

321 1715 398 1745 ibid.
426 1713 505 1745 duae
530 1719 620 1747 urbes
635 1719 667 1746 in
683 1718 741 1746 hac
759 1718 856 1747 insula

281 1760 392 1789 Carcer
418 1759 450 1787 S.
477 1759 611 1788 Ianuarii
645 1761 677 1788 10
714 1759 857 1789 Puteola—

321 1812 362 1831 no
385 1800 656 1839 amphitheatroiu
679 1801 858 1831 aediculam

321 1852 488 1873 conversus
902 1842 939 1871 23

280 1885 412 1915 Carolus
438 1886 565 1922 Magnus
589 1894 651 1924 quo
685 1895 764 1914 anno
796 1886 857 1915 Ita·

324 1927 399 1956 liam
424 1925 544 1954 invadit

281 1968 409 1998 Carolus
435 1968 473 1996 V.
500 1968 667 2005 imperator

281 2010 408 2039 Carolus
433 2010 457 2038 I.
483 2015 514 2037 et
539 2008 581 2037 11.
617 2010 716 2048 Reges
752 2008 858 2040 Ande-

883 1728 942 1760 ¹¹9

884 1925 942 1955 186

883 1979 939 2010 190

324 2061 469 2091 gaveuses
494 2051 689 2090 Neapolitani
885 2063 940 2093 ¹9⁰

285 2093 412 2123 Carolus
436 2093 590 2132 Hispanus
614 2093 680 2122 Rex
705 2093 856 2134 Neapoli-

323 2141 412 2163 tanus
590 2149 591 2152 ¹
885 2143 941 2175 190

284 2175 553 2214 Carthaginienses
569 2183 709 2204 auctores
733 2176 856 2205 viarum

329 2217 467 2246 silicibus
491 2217 724 2246 sternendarum
881 2217 942 2255 242

285 2259 383 2289 Castri
409 2259 570 2287 Lucullani
596 2261 671 2288 situs
718 2258 775 2296 145
797 2266 827 2288 et
850 2269 937 2300 seqq.

285 2300 469 2333 catabolum
487 2307 590 2330 utrum
605 2301 697 2330 fuerit
723 2301 858 2331 Puteolis
903 2311 938 2331 21

1001 173 1131 208 Caecina
1153 177 1265 210 Albius
1287 181 1479 213 doctissimus
1515 193 1569 216 au-

1043 225 1108 248 ctor
1131 219 1277 251 Etruscus
1593 226 1648 255 133
1678 252 1681 253 γ

1002 258 1037 288 C·
1063 261 1196 292 Caesaris
1219 261 1373 296 dictatoris
1395 265 1471 296 villa
1609 268 1649 308 59

999 300 1096 331 Cento
1123 303 1296 336 Camerelle
1605 311 1644 349 73

974 352 980 353 ’
997 342 1135 373 Cervisia
1157 346 1286 384 eadem,
1311 355 1402 389 atque
1425 349 1502 382 alica
1607 349 1648 379 36

997 384 1211 431 Chalcidenses
1232 389 1362 421 Inarimi
1385 390 1485 422 insuta
1506 390 1565 421 do-

1036 435 1191 457 minantur
1594 442 1644 463 101

996 466 1159 499 Charonea
1181 470 1291 501 Scrobs
1607 475 1647 513 40

996 508 1211 540 Childebertus
1233 513 1423 545 Francorum
1446 515 1514 546 Rex
1589 516 1644 546 181·

995 548 1157 580 Christiani
1202 554 1283 592 apud
1323 557 1383 585 vias
1427 558 1566 597 publicas

1035 601 1103 621 suos
1127 593 1300 624 condebant
1323 604 1459 627 mortuos
1587 608 1645 638 217

993 629 1152 663 Ciceronis
1175 636 1349 667 Cumanum
1602 642 1641 679 47

994 672 1152 704 Ciceronis
1176 678 1384 709 Puteolanum
1442 678 1481 708 26
1509 688 1538 709 et
1561 691 1647 723 seqq.

994 713 1137 748 Cinereus
1153 727 1239 748 mons
1254 731 1315 760 quo
1338 732 1417 752 anno
1429 722 1572 751 adsurre-

1027 759 1083 801 'xit
1451 762 1489 801 42
1514 771 1543 793 et
1565 772 1652 804 seqq.

998 796 1164 830 circitores
1181 822 1189 838 ,
1215 801 1263 831 vel
1291 805 1482 835 Circuitores
1500 807 1572 845 qui-

1044 849 1114 870 nam
1606 844 1646 874 63

998 879 1102 912 Circus
1124 883 1255 916 Baianus
1608 886 1647 915 63

999 922 1108 954 Circus
1125 926 1312 957 Puteolanus
1474 940 1512 970 27
1538 936 1568 959 et
1590 938 1652 968 seq-

1000 963 1106 995 Clauia
1128 967 1217 1006 palus
1613 979 1652 1010 92

999 1005 1124 1037 Clanius
1147 1006 1271 1048 fluvius,
1287 1018 1319 1041 et
1340 1012 1477 1042 eiusdem
1495 1023 1566 1042 cur-

999 1057 1146 1122 eligistis
1169 1094 1336 1134 imperator
1352 1095 1484 1136 Neapoli
1509 1095 1565 1124 diu
1610 1062 1651 1093 92

1038 1133 1174 1169 otiatur,
1219 1142 1249 1163 et
1284 1138 1315 1164 in
1358 1137 1566 1176 Neapolitano

1040 1173 1168 1201 theatro
1184 1177 1332 1205 Graecam
1365 1185 1574 1217 repraesentat

1039 1214 1228 1244 comoediam
1599 1217 1657 1249 163

999 1252 1103 1283 Clesus
1128 1256 1193 1285 Rex
1216 1258 1490 1297 Langobardorum
1592 1258 1650 1290 181

999 1294 1116 1324 Clusini
1594 1301 1654 1330 125

1000 1335 1106 1365 Cluvii
1130 1342 1159 1365 et
1181 1338 1306 1369 Lentuli
1329 1340 1410 1370 horti
1614 1341 1653 1370 15

1000 1377 1145 1407 Cocceius
1169 1380 1356 1410 architectus
1369 1381 1479 1422 templi
1505 1382 1573 1412 Au-

1040 1421 1120 1456 gusti
1144 1420 1280 1451 Puteolis
1622 1434 1654 1454 11

998 1459 1188 1490 Colatorium
1211 1462 1291 1491 idem
1315 1473 1351 1493 ae
1367 1464 1453 1495 lacus
1479 1464 1575 1495 Ania-

1043 1511 1100 1530 nus
1128 1516 1132 1518 >
1621 1505 1661 1547 39

1000 1542 1200 1573 Columbaria
1221 1546 1253 1574 in
1269 1548 1318 1576 via
1343 1550 1504 1590 Campana
1533 1548 1570 1577 30
1595 1548 1657 1577 216

1002 1583 1172 1614 Columnae
1195 1587 1358 1619 milliariae
1594 1587 1654 1626 24⁰

1003 1626 1219 1656 Constantinus
1242 1631 1371 1670 Magnus
1387 1630 1460 1661 filiis
1476 1631 1575 1671 impe-

1042 1668 1124 1696 rium
1137 1668 1250 1699 dividit

1597 1682 1606 1701 1
1641 1683 1671 1701 1.

1003 1708 1158 1740 conradus
1182 1712 1249 1741 Rex
1603 1683 1659 1755 ¹3³⁰

1003 1751 1143 1779 Coritani
1169 1754 1273 1792 populi
1596 1756 1655 1785 125

1002 1792 1203 1822 Cortonenses
1217 1796 1324 1836 populi
1573 1796 1656 1825 ibid.

1003 1834 1092 1864 Cossa
1119 1836 1321 1867 Etruscorum
1344 1839 1418 1868 urbs
1575 1837 1654 1868 ibid.

1000 1875 1157 1905 Gracchus·
1178 1878 1305 1909 fortasse
1322 1881 1459 1920 Appiam
1481 1879 1576 1908 Viam

1041 1919 1185 1958 producit
1418 1944 1421 1947 .
1597 1928 1656 1963 199

1001 1960 1113 1990 Cumae
1135 1960 1176 1990 82
1200 1969 1230 1990 et
1253 1973 1339 2003 seqq.
1364 1962 1502 1992 eiusdem
1524 1972 1574 1992 ae-

1042 2002 1181 2031 dificatio
1205 2003 1279 2034 ibid.
1312 2004 1456 2033 diversae
1493 2004 1578 2033 colo-

1042 2045 1110 2073 niae
1134 2045 1240 2074 urbem
1263 2044 1429 2076 aedificant
1445 2045 1483 2075 83
1501 2056 1576 2089 por-

1042 2093 1089 2115 tus
1639 2098 1650 2116 Ι

1001 2129 1131 2158 Cumani
1158 2130 1304 2159 Puteolos
1324 2129 1460 2159 condunt
1612 2097 1655 2158 95

1002 2172 1212 2201 Cumanorum
1237 2182 1320 2200 amor
1343 2173 1374 2200 10
1404 2173 1555 2201 Romanos
1614 2167 1657 2197 86

1003 2214 1159 2243 Cumanus
1182 2224 1252 2253 ager
1276 2213 1482 2242 fertilissimus
1614 2209 1656 2251 89

1004 2258 1135 2286 Cumaea
1171 2254 1292 2296 Sibylla
1327 2253 1434 2285 differt
1459 2265 1475 2283 a
1514 2253 1574 2284 Cuss
1621 2291 1637 2322 5

1051 2307 1140 2326 utana
1641 2301 1658 2320 ⁰
