1920 2579
151 203 426 257 Puteolanus,
458 213 497 247 et
526 203 653 247 vicina
686 204 770 247 loca
802 201 937 261 plures
988 213 1081 244 ante
1126 216 1280 243 menses
1321 154 1521 245 terraruln

150 265 330 307 motibus
362 264 522 305 fuerant
553 278 745 305 concussa
767 295 778 316 ,
811 274 850 304 et
879 263 996 304 tellus
1030 261 1173 318 iugiter
1224 261 1300 301 sub
1350 261 1520 318 pedibus

151 324 381 379 tremebat,
414 337 508 363 cum
543 324 744 379 extemplo
794 337 839 363 ea
870 334 990 369 nocte
1022 336 1168 372 mons,
1219 319 1363 360 tellure
1408 320 1523 361 dehi-

150 393 312 434 scente,
344 396 439 422 cum
472 383 593 436 igne,
630 381 861 438 lapidibus,
893 396 939 420 ac
971 383 1106 421 cinere
1139 378 1342 434 permulto
1383 393 1518 419 exsut·-

148 443 262 484 rexit.
294 439 500 482 Continuo
532 456 576 482 ex
609 451 743 482 erecto
777 450 905 487 terrae
936 440 1060 496 ipsius
1104 437 1271 478 cumulo
1319 436 1520 493 perpluri-

148 501 224 541 bus
257 499 389 553 ignitis
422 497 729 555 erumpentibus
760 497 936 538 ssarnmis
957 530 970 547 ,
1003 500 1140 551 ingens
1177 510 1333 552 vorago
1380 507 1520 551 aperta

148 569 218 599 est.
252 558 425 599 Eversae
457 557 552 597 hinc
584 557 696 598 fuere
727 557 873 611 aedes,
907 556 1104 612 villaeque
1157 568 1483 613 qu‘aquaversum
1510 570 1519 594 :

147 617 242 657 hinc
280 617 445 670 fruges,
475 615 671 668 arbores,
717 626 756 657 et
789 615 920 671 campi
973 614 1130 661 exusti;
1180 624 1267 653 tum
1317 627 1425 653 mare
1470 614 1521 655 ad

147 675 235 717 CC.
270 674 396 715 ferme
429 689 567 731 passus
600 684 886 715 contractum:
921 684 1008 714 tum
1043 687 1171 713 novae
1203 672 1351 727 passim
1398 685 1524 726 aqua-

145 748 239 774 rum
271 732 539 774 ebullentium
570 733 829 787 scaturigines
862 743 1033 782 exortae.
1066 731 1197 770 Tanta
1230 731 1390 771 interim
1409 744 1524 770 cine-

146 792 234 843 ris,
273 806 444 843 arenae,
477 802 516 831 et
549 791 759 847 pumicum
794 790 920 831 moles
964 789 1169 832 horrenda
1220 789 1394 828 excrevit
1418 819 1428 839 ‚
1482 800 1526 830 ut

146 860 186 890 et
219 860 432 900 montem,
467 861 504 891 et
538 849 665 891 monti
697 849 837 891 fecerit
869 863 1017 890 nomen
1055 848 1251 889 Cinereo.
1292 848 1417 888 Vicus
1457 846 1524 889 ille

146 907 410 962 Tripergulan
432 941 442 949 ,
472 910 544 965 qui
578 909 665 949 heic
690 919 802 948 antea
836 908 936 947 situs
969 918 1084 957 erat,
1111 921 1155 946 ex
1170 905 1393 960 lapidibus,
1422 905 1523 959 igne,

145 975 185 1005 et
215 966 347 1006 cinere
379 995 388 1005 .
506 967 657 1020 ingenti
690 965 955 1006 incolentium
1007 979 1178 1006 numero
1229 965 1400 1004 omnino
1449 963 1526 1005 fuit

145 1023 399 1078 absumptus.
432 1034 595 1065 fraeter
628 1024 736 1064 huuc
769 1024 906 1063 vicum
938 1034 1024 1064 erat
1054 1024 1175 1070 etiam
1210 1021 1298 1062 heic
1330 1021 1524 1076 Andega-

142 1081 326 1121 vensium
358 1081 514 1137 Regum
545 1081 638 1122 villa
657 1113 667 1133 ‚
713 1096 818 1138 quae
848 1081 1009 1136 penitus
1030 1074 1119 1122 ‘fuit
1148 1096 1169 1120 a
1202 1078 1407 1121 cineribus
1452 1080 1524 1121 ab·

141 1149 292 1194 sorpta.
324 1140 434 1180 Proh
465 1140 680 1182 hominum
713 1137 918 1181 horrenda
949 1139 1157 1182 conditio!
1183 1140 1224 1179 iu
1242 1153 1286 1177 ea
1307 1136 1407 1192 ignis
1426 1148 1526 1179 tem-

140 1208 298 1254 pestate
327 1197 483 1255 aliquot
514 1198 656 1240 balnea
689 1198 836 1240 obruta
859 1230 871 1249 ,
904 1209 942 1239 et
974 1199 1157 1241 aedificia
1190 1196 1371 1255 plurima
1393 1195 1520 1239 fuere.

140 1257 332 1298 Avernus
366 1272 460 1299 vero
491 1258 601 1299 lacus
630 1258 682 1299 ad
715 1257 934 1299 dimidium
968 1273 1060 1300 cum
1108 1257 1291 1300 Lucrino
1335 1266 1525 1310 angusta-

139 1324 236 1368 tus,
267 1325 308 1355 et
339 1315 585 1357 Puteolanus
617 1331 711 1372 aget·
742 1318 906 1367 cinere,
939 1316 1225 1373 lapidibusque
1259 1313 1337 1354 fuit
1386 1315 1527 1370 opple-

139 1383 219 1415 tus.
253 1373 371 1416 Iuvat
403 1373 492 1415 heic
524 1377 714 1418 miseram
745 1375 973 1424 noeroisrpoqmv
1008 1376 1147 1417 audire
1177 1374 1229 1417 ab
1248 1383 1414 1414 auctore
1432 1387 1526 1413 con-

141 1441 404 1485 temporaneo
436 1445 693 1488 excerptam,
727 1448 873 1485 nempe
904 1435 1069 1476 Simone
1101 1433 1241 1474 Portio
1291 1430 1525 1484 Neapolita-

142 1503 196 1529 no
228 1488 445 1530 Archiatro
465 1521 480 1540 ,
518 1492 588 1545 qni
621 1491 661 1531 in
695 1491 862 1547 epistola
888 1493 1009 1534 Petro
1025 1490 1227 1533 Toletano
1247 1487 1379 1531 Villae
1396 1490 1525 1532 Fran·

140 1561 210 1588 cae
242 1547 420 1601 Principi
453 1547 770 1604 Neapolitanum
801 1561 899 1591 tune
931 1552 1116 1605 Regnum
1141 1549 1296 1604 gerenti
1328 1558 1518 1599 exarata,

141 1615 180 1647 et
211 1603 444 1646 Florentiae
475 1607 583 1664 typis
615 1608 720 1648 edita
751 1622 860 1649 anno
897 1610 1017 1651 1551.
1050 1609 1129 1651 Hic
1163 1609 1216 1648 ita
1251 1605 1405 1648 scribit:
1444 1606 1525 1649 Vt-

141 1663 239 1705 disti
270 1671 313 1704 τιι
344 1663 518 1721 quidem
551 1667 946 1723 conflagrationem
961 1699 975 1719 ‚
1012 1677 1052 1708 et
1082 1667 1332 1709 universam
1363 1665 1522 1706 Puteo-

141 1723 277 1763 lorum
310 1722 535 1779 regionem
567 1726 759 1766 lustrasti
778 1743 790 1766 :
823 1736 887 1767 est
917 1742 970 1768 ea
1018 1726 1159 1769 vicina
1207 1725 1324 1766 mari
1339 1755 1349 1773 ,
1400 1729 1525 1782 aquis

144 1779 303 1823 calidis
323 1810 336 1828 ,
358 1789 399 1820 et
429 1782 569 1822 lutuso
601 1784 808 1837 sulphure
839 1785 1098 1826 abundans:
1133 1792 1299 1823 montes
1333 1783 1459 1822 habet
1496 1797 1524 1822 α

144 1842 460 1894 septentrione,
497 1849 539 1880 et
569 1842 749 1882 meridie
770 1874 782 1892 ,
820 1846 895 1899 qui
924 1843 984 1883 acl
1019 1857 1142 1882 mare
1176 1855 1309 1898 usqne
1339 1855 1523 1894 procur-

142 1906 272 1946 runt,
306 1898 375 1937 ubi
407 1912 630 1938 cavernae
667 1900 829 1942 multae
850 1931 861 1952 ,
900 1910 940 1941 et
971 1904 1120 1956 magni
1140 1900 1289 1940 caloris
1316 1904 1405 1940 vim
1432 1900 1526 1951 plic-

109 1986 113 1989 -
142 1955 302 1997 rimam
334 1956 542 1996 cohibent.
584 1957 686 1998 Fuit
714 1959 826 1999 lzaec
859 1960 981 2016 regio
1017 1958 1188 1999 biennio
1211 1959 1314 2008 fere
1350 1962 1524 2013 magnis

141 2015 468 2057 terraemotibus
504 2019 696 2072 agitata,
741 2027 786 2058 ut
824 2020 945 2058 nulla
980 2022 1024 2059 in
1063 2031 1118 2058 ea
1167 2026 1406 2071 superesset
1445 2016 1520 2055 do-

142 2087 234 2114 mus
260 2075 454 2136 {ntegra7
489 2075 655 2114 nullum
680 2075 955 2129 aedficiurrz,
992 2075 1111 2134 qaod
1148 2089 1231 2116 non
1266 2085 1445 2123 certam,
1479 2085 1520 2115 et

137 2144 396 2185 prox-emam
430 2136 668 2173 minaretur
693 2139 882 2175 ruinam.
925 2134 986 2176 At
1021 2149 1128 2176 vero
1159 2134 1205 2176 V
1211 2165 1218 2173 .
1243 2143 1284 2175 et
1303 2133 1353 2176 V
1349 2133 1389 2174 I.
1405 2133 1516 2174 Kal.

150 2189 301 2232 Octob.
328 2195 549 2243 perpetuis
585 2190 768 2243 diebus,
805 2196 1079 2252 noctibusque
1134 2203 1249 2234 terra
1295 2201 1519 2233 commota

145 2262 236 2294 est:
271 2260 391 2286 mare
420 2250 623 2302 passibus
644 2251 749 2302 fere
783 2250 881 2292 CC:
909 2253 1115 2293 recessit:
1152 2267 1236 2310 quo
1270 2251 1439 2309 quidem
1461 2251 1517 2290 lo-

147 2326 199 2353 00
219 2340 232 2361 ‚
274 2311 314 2344 et
345 2308 560 2362 ingentem
587 2309 775 2363 piscium
811 2310 1122 2354 multitudinem
1161 2312 1345 2353 accolae
1392 2323 1517 2366 cepe·

1042 2369 1058 2387 ’k

1041 2400 1060 2427 pi
