1920 2579
208 741 312 772 Edicit,

384 146 464 187 130

378 202 618 260 tiquitatum
650 201 934 245 Romanarum
967 201 1187 260 scriptores
1207 234 1223 254 ‚
1256 202 1329 261 qui
1380 202 1467 246 inas
1498 203 1755 252 describunt.

369 261 503 319 Supra
534 261 675 313 viam,
711 277 792 319 qua
822 271 933 303 recte
969 261 1055 304 itur
1090 260 1143 303 ad
1198 263 1377 305 civitatis
1428 275 1594 321 portam
1619 298 1630 318 ‚
1680 267 1752 310 do-

367 335 461 363 mus
481 353 494 372 ,
531 330 570 362 et
595 319 778 362 aedificia
811 319 967 363 adsunt
997 336 1048 364 ex
1072 331 1252 379 utroque
1285 322 1411 364 latere
1453 322 1676 380 disposita,
1710 328 1754 369 in

368 379 518 436 quibus
549 390 666 421 erant
701 378 890 423 officinae
912 410 926 431 ‚
957 388 1080 437 atque
1132 380 1324 423 tabernae
1378 379 1431 422 ad
1471 382 1752 439 opidanorum*

372 438 554 480 diversos
582 454 706 493 usus,
758 449 799 480 et
842 438 915 481 ubi
960 439 1215 481 vendebatur
1261 438 1471 498 quidquid
1519 441 1596 483 illis
1639 443 1749 486 foret

368 510 542 541 neeesse.
575 496 687 540 Inter
720 498 815 540 alias
853 497 1074 555 adspicitur
1093 513 1192 549 una,
1230 509 1269 539 et
1287 514 1410 556 supra
1428 499 1552 556 ipsius
1569 499 1746 557 podium

368 570 575 599 marmore
605 567 782 600 stratum
811 557 1124 615 conspiciuntur
1150 556 1287 599 adhuc
1308 556 1562 615 scyphorum
1585 558 1749 615 effigies.

365 614 486 656 Hanc
521 625 630 657 recte
658 616 952 673 termopolium
998 615 1144 670 dicas,
1192 615 1412 659 tabernam
1457 616 1636 670 scilicet,
1675 618 1748 660 ubi

365 672 534 716 fortasse
568 673 739 727 dulces,
780 673 1017 731 calidaeque
1045 673 1390 718 venundabantur
1427 676 1634 731 potiones.

479 732 536 774 At
569 733 757 789 profecto
790 733 896 774 inter
929 733 1034 785 alia,
1073 748 1177 789 quae
1194 731 1747 776 admirationemadvenien-

361 788 472 831 tibus
502 792 699 842 movent,
737 799 833 831 sunt
870 791 898 831 ii
944 791 1230 844 characteres,
1268 791 1342 847 qui
1382 791 1424 832 in
1462 792 1650 847 plurimis
1671 793 1750 849 pri-

359 857 544 891 vatarum
580 847 744 891 aedium
781 847 1007 905 parietibus
1051 864 1169 892 secus
1205 848 1313 890 viam
1346 849 1550 891 eruderati
1599 850 1713 892 suere
1728 884 1751 904 ,A

359 907 594 965 quibusque
647 907 770 950 rubro
797 906 931 949 colore
953 908 1085 949 edicta
1123 907 1312 965 opidanis
1345 907 1549 964 quaedam
1565 911 1752 950 enuntia-

357 967 522 1011 bantur.
577 967 764 1008 Primum
801 966 980 1007 occurrit
1010 967 1222 1015 edictum,
1256 979 1340 1021 quo
1369 966 1544 1022 populus
1568 967 1750 1022 Pompe-

350 1027 466 1067 ianus
497 1025 545 1066 fit
585 1025 758 1076 certior,
794 1023 993 1065 familiam
1029 1022 1318 1078 gladiatoriam
1353 1025 1541 1066 Numerii
1580 1024 1742 1080 Popidii

349 1082 448 1126 Rufi
492 1083 568 1128 lV.
617 1082 709 1125 Kala
757 1082 964 1125 Novemb.
1003 1082 1265 1123 venationem
1304 1081 1476 1124 edidisse
1511 1082 1745 1139 Pompeiis&

350 1153 395 1184 et>
423 1141 518 1190 XII·
550 1140 644 1186 Kal.
679 1141 780 1185 Maii
813 1139 900 1186 vela
921 1142 965 1183 in
997 1140 1181 1183 Theatro
1228 1139 1381 1192 fuisse3

809 1256 845 1293 N
872 1283 881 1293 .
905 1255 1088 1293 POPIDII
1120 1283 1128 1292 .
1156 1252 1274 1294 RUFI

495 1310 600 1349 FAM
630 1337 639 1345 .
670 1306 804 1344 GLAD
832 1334 841 1343 .
869 1306 920 1343 IV
950 1334 962 1345 .
993 1308 1091 1345 KAL
1121 1335 1129 1344 .
1160 1305 1266 1344 NOV
1297 1332 1307 1342 .
1334 1305 1575 1345 POMPEIIS

583 1357 880 1397 VENATIONE
913 1386 921 1393 .
950 1357 1015 1395 ET
1043 1384 1053 1395 .
1079 1357 1148 1394 XII
1174 1383 1184 1394 .
1210 1356 1311 1392 ΚΑΒ
1341 1384 1350 1392 .
1380 1358 1493 1396 ΜΑΙΙ

681 1409 822 1447 MALA
851 1433 862 1445 .
888 1408 956 1445 ΕΤ
986 1435 995 1443 .
1021 1408 1153 1445 VEL&
1179 1434 1189 1444 .
1216 1405 1395 1444 ERUNT

632 1461 668 1497 O
696 1489 705 1499 .
733 1459 1068 1498 PROCURATOR
1097 1488 1106 1498 .
1134 1457 1400 1497 FELICITAS
1430 1477 1445 1504 ,-

341 1571 406 1613 ΕΙ
438 1573 516 1614 alio
549 1571 789 1623 ediscimus,
828 1571 940 1614 hunc
979 1569 1357 1628 ipsumPopidium
1379 1569 1538 1613 Rufum
1558 1567 1732 1611 colono*

341 1645 435 1672 rum
473 1631 777 1687 Pompeiorum
806 1628 1072 1671 defensorem*
1092 1642 1176 1670 esse
1210 1628 1332 1671 titulo
1369 1627 1604 1669 invictum:

558 1746 756 1783 POPIDIO
787 1773 796 1784 .
826 1744 957 1782 RUFO
987 1771 997 1781 .
1025 1742 1234 1781 INVICTO
1263 1771 1272 1779 .
1300 1742 1464 1781 MUNIF
1492 1758 1504 1778 .’

536 1799 571 1834 Β.
597 1826 605 1834 .
633 1797 695 1834 ΙΙΙ-
716 1794 1141 1884 ,ΒΕἘΕΕΝὲὃῐὲΙΙΨὶ-ἒῗί
1199 1793 1522 1831 COLONORUM

336 1961 396 2001 Re
428 1973 522 2000 sane
551 1973 644 2000 vera
676 1956 719 1999 id
748 1956 894 1999 clarius
926 1956 1124 2012 probatur
1157 1968 1204 1995 ex
1238 1953 1308 1995 illo
1334 1950 1461 1994 Tullii
1495 1965 1573 2008 pro
1602 1951 1715 1992 Sulla

335 2033 449 2060 num.
483 2032 530 2059 21
568 2017 639 2059 ubi
672 2016 844 2058 huiusce
878 2013 1078 2056 Coloniae
1108 2011 1382 2069 Pompeianae
1403 2011 1589 2052 occurrit
1604 2024 1718 2051 men-

333 2077 405 2119 tio.
439 2076 662 2119 Frontinus
698 2088 793 2117 vero
824 2071 938 2115 haud
968 2072 1073 2113 hanc
1110 2081 1312 2113 memorat
1331 2068 1726 2125 Colonianuquipr

332 2149 384 2192 pe
421 2146 525 2192 quae
562 2150 636 2177 suo
671 2147 770 2177 aevo
803 2146 887 2175 non
928 2131 1104 2189 amplius
1140 2128 1350 2172 existebat.
1398 2127 1462 2169 Ex
1500 2127 1583 2169 alio
1621 2137 1712 2167 tan·

333 2193 428 2235 dem
455 2193 588 2234 edicto
625 2194 646 2249 <
680 2204 727 2236 ut
756 2191 830 2233 alia
862 2190 978 2247 plura
1011 2197 1261 2246 praeteream
1293 2186 1516 2245 )scimus,
1548 2186 1712 2227 Valen-

333 2263 416 2294 tem
451 2251 680 2295 Flamiuem
716 2259 962 2309 perpetuum
979 2248 1155 2291 Neronis
1172 2247 1348 2304 Augusti
1367 2245 1516 2288 Felicis
1542 2244 1594 2288 V.
1613 2243 1711 2285 Kal,

341 2312 625 2364 venationem,
660 2322 700 2353 et
733 2310 819 2352 vela
849 2308 891 2349 in
924 2308 1105 2351 Theatro
1140 2305 1381 2349 editurum:
