1920 2579
176 174 350 234 rumque
380 175 743 219 nobilisssimorum
776 177 919 234 copia,
956 185 1109 221 norunt
1138 192 1277 221 omnes
1311 179 1470 235 erudiri3
1505 145 1557 226 ag

179 251 288 277 nunc
319 234 481 276 illorum
511 237 699 277 omnium
732 236 831 277 nihil
862 238 973 278 alind
1005 249 1209 293 superest,
1241 253 1365 294 quam
1400 240 1466 281 vix
1486 259 1558 297 per

178 296 300 336 litora
333 306 459 351 pauca
492 295 652 349 vestigia
675 326 690 346 ,
726 305 765 335 et
797 309 864 335 aer
894 295 980 350 ipse
1013 296 1173 352 penitus
1204 296 1259 337 ibi
1290 296 1548 352 immutatus,

178 363 219 393 et
251 354 459 394 inversus!
491 352 712 400 hodiedum
747 352 855 393 enim
894 354 1066 408 graviter
1110 354 1399 411 horrendeque
1446 360 1556 414 expi-

179 421 239 452 rat
260 441 274 461 ‚
306 407 413 450 nulla
444 411 497 452 ibi
531 410 745 452 hominum
779 411 906 466 sedes,
929 423 967 452 et
999 411 1177 469 squallor
1198 413 1382 469 undique
1401 428 1553 470 regnat.

293 467 404 509 Haec
438 483 535 510 vero
569 470 653 510 loca
685 470 894 526 quondam
927 471 1042 526 aquis
1070 469 1212 511 calidis
1241 470 1483 524 scatebant,
1515 486 1553 516 et

176 526 479 570 Romanissaeris
510 527 633 583 ipsius
664 529 906 570 amoenitate
938 528 1059 569 illecti
1091 537 1339 569 autumnum
1381 531 1434 572 ad
1485 548 1553 573 ru-

174 583 402 626 sticandum
436 587 644 626 turmatim
676 586 949 627 confluebant.
983 587 1169 642 Quisque
1202 600 1298 627 vero
1331 586 1441 630 dives
1491 589 1547 631 ibi

172 641 349 684 domum
380 643 640 701 possidebat:
673 645 767 686 hinc
799 645 994 686 Horatius
1041 644 1305 700 voluptuosos
1355 648 1546 701 reprobat

173 700 357 742 homines
374 733 387 754 ‚
417 703 488 757 qui
520 700 665 744 domos
687 733 699 753 ,
733 703 860 753 villas,
885 713 923 743 et
945 702 1066 743 vitam
1086 704 1213 758 ipsam
1229 702 1435 756 impudice
1458 706 1547 747 heic

171 757 312 816 degere
342 759 480 820 potius
509 761 756 818 cogitabant.
788 761 897 803 Hinc
929 762 1036 802 canit
1068 760 1143 816 lib.
1170 760 1222 801 ΙΙ.
1257 761 1339 802 Od.
1380 764 1428 803 18

349 879 416 921 Tu
447 879 642 922 secanda
674 893 871 923 mamora

396 938 545 980 Locas
574 940 652 979 sub
684 940 824 992 ipsum
843 939 980 988 fimus
997 968 1012 989 ,
1049 947 1090 979 et
1119 938 1343 993 sepulchri

337 996 613 1047 Immemor,
642 996 770 1042 struis
801 995 991 1036 domos:

391 1054 619 1110 Mar-isque
650 1054 768 1096 Baiis
796 1054 1078 1110 obstrepentis
1110 1067 1239 1112 urges

335 1110 624 1154 summovere
655 1112 800 1154 littora
820 1145 835 1165 ,

387 1171 556 1213 Parum
586 1172 783 1228 locuples
814 1169 1064 1212 continente
1088 1170 1202 1226 rzjoa.

153 1286 350 1329 Martialis
381 1288 531 1331 horum
564 1288 728 1345 insuper
760 1288 947 1330 locorum
979 1285 1035 1328 ita
1075 1287 1199 1330 etiam
1246 1286 1536 1331 amoenitatem

155 1343 347 1390 describit
380 1345 448 1388 lib.
482 1347 555 1391 XI.
590 1348 713 1404 epigr.
746 1347 796 1390 81

324 1462 462 1505 Lacus
492 1464 643 1504 beatae
679 1461 731 1506 V
726 1461 868 1504 eneris
898 1476 1081 1504 auream
1109 1465 1272 1517 Baias,

323 1521 547 1576 Superbae
577 1521 740 1562 blanda
771 1519 881 1563 dona
913 1529 1096 1562 naturae
1115 1553 1131 1573 ,

322 1578 374 1621 V
370 1588 385 1620 t
414 1579 533 1619 mille
563 1579 738 1620 laudem
757 1609 770 1631 ‚
802 1577 970 1621 Flacce
989 1613 1003 1633 ,
1035 1579 1235 1621 ver-sibus
1267 1578 1403 1621 Baias
1430 1610 1441 1633 ⁷

319 1635 530 1680 Laudabo
562 1637 692 1696 digne
723 1651 811 1679 non
842 1638 950 1681 satis
981 1647 1125 1679 tamen
1147 1638 1291 1683 Baias.

145 1751 259 1795 Idem
289 1752 358 1796 lib.
393 1756 471 1796 IV.
503 1755 641 1810 Epigr.
673 1755 726 1796 30
770 1754 869 1795 haec
920 1753 1037 1796 litora
1086 1753 1263 1810 piscibus
1313 1756 1518 1811 exquisitis

145 1810 392 1853 abundantia
413 1842 425 1864 ‚
456 1822 496 1852 et
527 1811 746 1853 infamium
775 1812 995 1854 libidinum
1023 1811 1158 1854 sedem
1193 1823 1238 1853 ut
1271 1814 1419 1870 fugiat,
1460 1817 1520 1870 pi-

145 1879 343 1912 scatorem
374 1869 525 1912 suadet.
572 1893 574 1896 >

259 1932 348 1971 Iam
379 1943 499 1984 supra
532 1926 799 1971 indicavimus
819 1960 833 1979 ,
870 1928 984 1969 Baias
1017 1926 1072 1969 ob
1102 1929 1407 1980 amoenitatem,
1429 1944 1517 1972 coe-

142 1985 252 2043 lique
282 1986 534 2029 clementiam
565 1986 779 2028 infamium
810 1986 1031 2030 libidinum
1051 1986 1186 2027 sedem
1210 1988 1516 2028 evasisseflmc

142 2046 286 2087 Cicero
317 2045 368 2087 de
397 2045 500 2086 Baiis
531 2046 586 2087 sic
618 2044 757 2086 scribit
789 2045 839 2087 ad
866 2046 997 2086 Attio.
1031 2044 1099 2085 lib.
1136 2045 1166 2086 I.
1200 2059 1266 2102 ep.
1322 2045 1372 2087 15
1425 2046 1519 2088 Vbi

142 2103 338 2157 libidines
360 2135 372 2154 ,
404 2104 576 2145 amores
597 2135 610 2155 ,
659 2101 902 2155 adulteria,
947 2102 1152 2146 convicia
1171 2134 1182 2155 ‚
1231 2104 1513 2145 comessatio-

140 2175 219 2202 nes
237 2192 250 2211 ,
281 2175 432 2204 camus
451 2195 466 2215 ,
505 2172 548 2204 ut
572 2161 862 2218 symphoniae
893 2161 1039 2204 audiri
1065 2163 1218 2202 solent.
1249 2165 1302 2204 Et
1334 2162 1374 2202 in
1394 2161 1510 2202 Orat.

138 2233 213 2274 pro
243 2219 384 2262 Coelio
418 2236 533 2262 num.
572 2221 622 2262 15
655 2220 951 2263 Accusatores
981 2220 1154 2279 quidem
1186 2220 1383 2262 libidines
1403 2252 1414 2273 ,
1464 2236 1512 2260 α-

138 2290 285 2319 mores
307 2308 319 2326 ,
351 2278 562 2321 adulteria
587 2311 600 2331 ,
631 2279 766 2322 Baias
789 2311 801 2332 ,
833 2290 960 2324 act-as
981 2310 993 2331 ,
1026 2279 1263 2334 convivia,
1298 2293 1513 2322 comessa-

268 2334 389 2381 Tom.
424 2336 490 2380 ΙΙ.
1080 2338 1105 2380 8
