1920 2579
368 99 446 156 154
1102 130 1104 132 -

364 171 511 211 saeque
563 154 742 211 frugalis.
796 153 875 195 Hic
912 153 1073 196 Gothos
1111 154 1349 208 orientales,
1386 154 1729 208 Marcomannos,

366 216 546 264 Suevos,
582 215 780 267 Quados,
816 213 964 254 Erulos
985 245 999 265 ,
1036 213 1170 269 Rugos
1191 246 1203 264 ,
1226 216 1403 270 aliosque
1434 215 1631 256 Barbaros
1663 232 1732 270 po-

367 271 483 330 pulos
514 273 553 312 in
589 288 700 312 suam
737 284 828 312 ante
860 271 1064 324 redegerat
1098 283 1345 327 potestatem.
1380 273 1442 314 Eo
1488 274 1575 328 ipso
1624 288 1733 314 anno

364 344 512 385 nempe
560 331 781 372 CCCCLI.
814 330 1124 384 Visigothorurn
1166 332 1273 387 apud
1289 331 1439 372 Gaiiias
1469 342 1638 387 occupat
1660 332 1734 372 Re-

361 403 503 444 gnum.
535 390 666 430 Anno
713 390 939 444 insequenti
972 389 1084 431 Coss.
1117 389 1163 430 C.
1216 390 1434 445 Sporatio,
1495 400 1533 430 et
1591 389 1733 429 Flavio

361 447 616 488 Herculiano
650 448 826 488 maximo
861 448 1034 489 exercitu
1086 447 1243 488 Italiam
1284 447 1477 501 invadit,
1527 446 1732 503 populatis

362 503 547 560 pluribus
582 506 749 546 urbibus
780 507 819 545 iu
856 508 1106 546 Pannoniam
1142 505 1374 560 regreditur.
1392 509 1561 547 Norunt
1594 520 1735 546 omnes

364 572 466 618 quot
498 564 562 603 hie
593 565 843 604 saevissimus
881 563 940 604 vir
972 565 1107 604 Italiae
1139 563 1319 604 attulerit
1352 562 1508 604 damna.

484 624 579 664 XV.
611 623 734 663 Anno
782 635 878 662 vero
907 622 1147 664 CCCCLV.
1186 620 1428 663 Geusericus
1456 620 1736 662 vandalorum

367 681 454 719 Rex
485 679 696 720 Eudoxiae
752 679 845 732 (uti
879 679 1044 736 fertur)
1080 680 1265 735 precibus
1315 691 1462 720 motus*
1495 679 1736 733 Carthagine

368 736 440 777 ubi
471 738 599 793 Regni
635 739 694 777 sui
726 737 862 779 sedem
911 737 1170 790 conlocarat,
1216 737 1444 794 profectus,
1493 738 1534 778 in
1581 737 1737 779 Italiam

372 798 585 851 pervenit:
620 794 690 835 ubi
720 811 818 836 cum
850 795 971 836 classe
1004 795 1113 851 apud
1156 795 1346 838 Tiberina
1380 796 1478 836 ostia
1510 809 1591 835 non
1641 808 1735 852 pro-

374 853 441 893 cul
472 852 690 894 descendit.
721 853 788 895 Ad
820 853 964 895 urbem
997 854 1300 910 expugnandam
1323 854 1550 910 profectUS‚
1571 868 1739 909 eamque

376 911 454 953 iam
487 927 509 952 a
544 911 818 952 fundamentis
852 913 1054 956 evertisset
1075 949 1088 967 ‚
1123 914 1195 954 nisi
1228 912 1269 956 S.
1303 913 1454 953 Leonis
1486 914 1613 967 Papae
1644 911 1740 952 fuis-

376 980 434 1011 set
466 970 652 1026 precibus
683 980 851 1021 motuS,
878 970 1064 1014 incendio
1083 1003 1094 1023 ,
1127 985 1173 1012 ac
1204 970 1394 1013 caedibus
1425 970 1616 1010 abstinuit
1635 1001 1649 1020 ,
1673 984 1742 1025 po·

376 1028 626 1084 pulationem
660 1027 859 1069 militibus
890 1029 1133 1071 horrendam
1174 1030 1375 1086 permissit
1408 1044 1476 1084 per
1510 1028 1594 1069 dies
1625 1028 1737 1070 XIV.

381 1087 502 1127 sacris
534 1101 579 1125 ac
619 1086 800 1142 profanis
837 1086 1027 1127 omnibus
1060 1087 1177 1128 rebus
1207 1086 1428 1143 expoliatis.
1479 1085 1610 1126 Roma
1645 1086 1739 1127 inde

380 1142 638 1200 proficiscens
675 1159 745 1198 per
776 1144 1018 1195 Samnium,
1050 1145 1317 1199 Campaniam
1337 1176 1353 1196 ,
1392 1145 1626 1195 Lucaniam,
1646 1145 1742 1185 Bru·

380 1202 456 1242 tios
478 1232 490 1251 ,
523 1215 746 1257 omnesque
778 1203 952 1258 populos
980 1202 1274 1261 depopulatos,
1306 1217 1463 1244 eversos
1503 1202 1637 1253 fame,
1661 1217 1745 1243 cae-

380 1258 512 1316 deque
543 1258 706 1313 redegit.

494 1316 612 1357 XVI.
646 1316 864 1360 Odovacer
894 1318 989 1360 inde
1020 1318 1107 1360 Rex
1138 1319 1296 1359 Italiam
1329 1322 1502 1373 Occupat
1539 1318 1652 1358 annis
1671 1317 1745 1358 cit·-

383 1375 480 1417 citer
500 1384 657 1429 septem
676 1386 714 1415 et
731 1375 870 1417 decem
883 1388 1099 1433 antequam
1117 1376 1352 1431 Ostrogothi
1371 1375 1626 1417 Theodorico
1641 1374 1747 1429 Rege

381 1434 421 1474 in
442 1432 555 1473 illam
571 1432 1034 1476 advenirenthovacer
1051 1435 1156 1476 enim
1171 1435 1309 1489 Rugus
1330 1433 1409 1492 (uti
1428 1432 1657 1491 perhibent)
1676 1447 1747 1473 na·

382 1492 508 1543 tione,
531 1490 735 1532 nobilibus
762 1502 874 1533 ortus
907 1493 1141 1550 parentibus
1158 1524 1169 1544 ,
1190 1493 1250 1533 vir
1280 1492 1524 1535 fortissimus
1541 1527 1553 1547 ‚
1572 1493 1642 1548 qui
1674 1505 1746 1531 an-

384 1560 446 1590 tea
480 1550 519 1588 in
553 1549 669 1590 Italia
705 1548 977 1602 militaverat,
1009 1563 1226 1607 posteaque
1256 1551 1294 1591 in
1330 1552 1500 1604 patriam
1534 1560 1747 1603 receptus,

387 1609 542 1648 ltaliam
584 1608 710 1662 ipsam
744 1619 801 1648 est
832 1624 1034 1663 aggressus
1065 1623 1283 1665 permagno
1314 1608 1591 1658 Herulorum,
1613 1610 1749 1661 Rugo-

387 1682 479 1707 rum
501 1696 512 1714 ,
544 1666 815 1719 Scytharum,
849 1666 1083 1708 Gothorum
1107 1698 1118 1716 ,
1162 1666 1413 1722 aliorumque
1444 1667 1716 1707 Barbarorum
1738 1696 1751 1718 ‚

388 1725 571 1778 agmine,
605 1738 687 1777 quo
722 1725 853 1764 Oresti
885 1726 959 1764 iret
989 1725 1177 1774 obviam,
1208 1740 1329 1781 quem
1362 1726 1411 1765 ad
1444 1726 1606 1780 Papiam
1639 1739 1750 1779 repe-

385 1784 467 1833 rit,
505 1782 738 1835 praeiioque
770 1782 880 1830 vicit,
898 1793 1018 1838 atque
1045 1784 1200 1823 necavit
1222 1786 1404 1834 Augusto
1426 1797 1557 1823 mense
1579 1793 1749 1823 exeunte

384 1842 479 1880 anni
503 1839 838 1881 CCCCLXXVI.
870 1842 931 1881 Ita
962 1842 1194 1882 Romanum
1227 1840 1478 1883 occidentale
1529 1841 1752 1896 imperium

386 1898 565 1938 excisum
597 1912 690 1937 cum
722 1899 949 1951 Augustulo
981 1911 1168 1953 potremo
1187 1899 1468 1941 Romanorum
1487 1899 1749 1953 Imperatore,

387 1957 458 2013 qui
491 1955 531 1995 in
563 1955 834 1997 Lucullanum
866 1957 942 1997 fuit
976 1957 1163 1999 Castrum
1210 1957 1419 2012 relegatus.
1467 1958 1580 1998 Italia
1631 1958 1751 2011 igitur

386 2025 533 2055 cuncta
565 2013 679 2054 nullo
709 2015 882 2071 amplius
914 2017 1120 2057 resistente
1150 2017 1193 2056 in
1224 2015 1449 2059 Odovacris
1472 2002 1614 2057 ceeidit
1636 2026 1751 2071 pote-

386 2083 545 2115 statem.

503 2129 641 2173 XVII.
671 2133 769 2172 Post
786 2130 899 2172 illurn
918 2133 1096 2187 regnavit
1114 2132 1460 2188 Ostrogothorum
1478 2133 1517 2173 in
1536 2131 1649 2172 Italia
1668 2131 1751 2173 Rex

388 2189 673 2231 Theodoricus
687 2189 747 2230 vit·
767 2191 916 2243 magnis
928 2191 1132 2246 praeditus
1147 2191 1464 2241 virtutibus‚sive
1482 2192 1536 2232 rei
1556 2189 1751 2240 militaris,

388 2248 473 2289 sive
491 2247 669 2305 politices
705 2258 930 2306 spectemus
948 2261 1093 2292 artem.
1106 2251 1230 2294 Anno
1245 2249 1354 2292 enim
1372 2248 1750 2296 CCCCLXXXIX.
