1920 2579
1409 116 1464 150 20

112 183 152 215 et
182 170 291 213 idem
323 183 446 228 saepex
477 169 625 212 citatus
649 176 770 226 poeta
807 165 1021 210 Marcello
1053 164 1237 209 scribens
1280 164 1420 206 Carm.
1470 122 1500 216 Ξ

115 229 237 271 eiusd.
274 229 368 270 libri
403 231 457 271 ita
503 226 661 286 liquido
712 225 872 282 Appiae
925 224 1169 270 divisionem
1207 224 1344 281 pingit
1408 239 1504 267 cuin

113 287 353 330 Domitiana
374 304 384 328 z

249 401 382 438 Curre
411 411 494 452 per
529 394 772 448 Euboicos,
818 408 902 435 non
919 399 1066 452 segnis
1087 393 1283 448 epistola,
1306 407 1503 448 campos:

236 460 333 496 Hac
369 457 562 512 ingressa
594 456 694 495 vias
714 485 727 504 ,
762 468 849 512 qua
880 455 1032 494 nobilis
1068 453 1221 507 Appia
1260 453 1428 493 crescit.

247 516 302 555 1η
340 516 477 564 latus,
510 523 550 554 et
582 514 732 554 molles
761 511 930 554 solidus
955 512 1120 567 premit
1133 522 1270 568 agger
1287 525 1461 551 arenas,

234 622 438 663 Pratillius
468 620 536 662 lib.
569 621 621 663 II.
653 638 688 664 c.
725 637 747 678 7
781 620 865 662 dno
904 620 1047 662 recitat
1096 632 1303 660 marmora
1328 649 1346 669 ,.
1398 634 1503 675 quo-

114 696 205 722 rnm
241 683 423 737 primum
458 681 508 720 ad
541 680 682 722 XVII.
714 680 889 720 alterum
924 678 975 719 ad
1004 677 1124 719 XIX.
1168 677 1370 732 pertinuit
1415 677 1505 719 mit-

115 740 274 780 iiarium
297 771 311 790 ,
349 749 387 779 et
416 737 523 779 aliud
554 738 708 789 affert,
736 754 783 780 ex
813 753 902 795 quo
950 736 1180 792 colligitur,
1214 735 1272 776 M.
1311 737 1499 788 Arrium5

115 808 154 837 et
185 801 243 841 M.
278 797 461 839 Sextium
506 797 758 843 Duumviros
794 797 811 855 (
860 809 1040 853 quorum
1090 796 1191 835 alter
1236 792 1316 834 fuit
1355 793 1501 835 AEdilis

117 870 223 897 anno
254 867 344 914 post
374 856 535 898 Urbem
566 855 775 898 conditam
820 855 930 899 DLI.
964 854 981 912 )
1032 853 1140 896 hanc
1187 851 1296 895 viam
1347 863 1501 894 restau-

118 929 236 955 rasse.

233 972 354 1014 Haud
389 973 534 1030 procul
563 987 585 1013 a
618 972 790 1025 Cumis,
823 981 863 1014 et
893 971 944 1014 ab
976 987 1026 1015 eo
1054 972 1147 1013 loco
1168 1002 1181 1021 ,
1223 984 1350 1027 quern
1382 976 1501 1011 acco-

116 1031 179 1072 lae
211 1033 392 1075 vocitant
423 1031 548 1072 Areo
587 1031 770 1081 Felice,
802 1041 1020 1088 supersunt
1051 1030 1188 1071 adhuc
1220 1029 1393 1070 huiusce
1411 1030 1500 1069 viae

119 1090 237 1144 plura
271 1090 448 1145 vestigia,
483 1105 556 1130 nec
588 1105 636 1131 eo
668 1090 748 1130 loci
778 1089 940 1141 solum,
979 1105 1124 1133 verum
1154 1088 1277 1129 etiam
1309 1087 1350 1127 in
1382 1088 1499 1128 omni

117 1147 296 1189 eiusdem
330 1164 449 1191 cursu
470 1161 481 1187 :¹
512 1147 589 1188 alia
619 1147 708 1191 viae
738 1164 829 1204 pars
859 1146 1116 1203 semisepulta
1165 1146 1269 1187 iacet
1299 1145 1375 1188 sub
1407 1145 1501 1186 vici-

118 1206 179 1245 nis
210 1206 389 1248 lacubus.
420 1209 476 1247 Ea
509 1204 801 1249 extendebatur
830 1221 904 1263 per
951 1206 1084 1249 Gauri
1117 1204 1269 1246 montis
1302 1202 1489 1255 radices,

117 1273 162 1303 ut
191 1266 341 1307 Statius
373 1274 544 1306 testatur
576 1263 678 1306 ibid.

234 1412 422 1425 .....
460 1381 522 1422 Ει
555 1381 658 1423 inde
673 1382 870 1434 fractam

245 1440 397 1481 Gauro
431 1440 656 1482 Massicus
682 1441 828 1494 uvifer·
862 1439 1051 1482 remittit.

233 1557 384 1598 Parum
416 1572 513 1597 vero
561 1571 584 1597 a
614 1555 826 1600 Vulturno
868 1555 1045 1599 distabat
1075 1554 1334 1611 triumphalis
1380 1569 1497 1597 arcus

117 1617 156 1656 in
189 1616 413 1658 Domitiani
445 1616 649 1657 honorem
680 1626 838 1659 erectus
858 1648 875 1669 ,
913 1616 964 1658 de
995 1629 1080 1671 quo
1109 1614 1294 1671 loquitur
1334 1615 1488 1656 Statius

117 1674 225 1715 idem
247 1705 260 1724 ,
307 1685 347 1714 at
379 1689 462 1730 quo
494 1675 534 1714 in
565 1673 688 1726 loeo,
721 1676 927 1718 incertum
957 1674 1094 1716 adhuc
1145 1683 1227 1714 est:
1280 1673 1488 1716 crederem

119 1743 251 1773 tamen
284 1733 394 1773 haud
428 1732 615 1774 dissitum
645 1732 696 1774 ab
730 1733 805 1775 hac
836 1733 961 1776 fuisse
1002 1733 1079 1776 via.
1128 1732 1189 1774 Ita
1233 1731 1368 1790 ipsum
1417 1730 1488 1773 de-

119 1790 256 1831 scribit
289 1791 481 1847 Papinius
513 1790 615 1833 ibid.

233 1906 375 1948 Huius
412 1907 546 1948 ianua
566 1938 577 1959 ,
604 1924 957 1968 prosperumque
986 1909 1121 1951 limen

233 1971 370 2008 Arcus
408 1967 607 2023 belligeri
636 1968 759 2011 dacis
789 1970 1011 2024 troplzoeis
1033 1997 1049 2018 ,

231 2025 294 2067 Et
322 2028 422 2065 totis
455 2025 665 2082 Ligurum
699 2029 837 2070 nitens
871 2027 1061 2070 metallis
1083 2058 1097 2077 ,

236 2084 434 2141 Quantus
469 2084 614 2126 nubila
633 2116 645 2138 ‚
680 2088 757 2145 qni
801 2094 983 2129 coronat
1020 2085 1156 2128 imbri.

231 2200 356 2243 Hunc
388 2213 586 2244 memorat
615 2205 779 2261 quoque
810 2201 1007 2246 Martialis
1037 2201 1109 2247 lib.
1130 2202 1246 2246 VIII.
1276 2200 1398 2259 epigr.
1419 2201 1494 2245 65.ι

115 2262 199 2302 Nos
230 2258 393 2302 interim
426 2260 622 2306 lectorem
653 2262 865 2307 eruditum-
911 2261 964 2306 ad
1012 2262 1190 2306 eundem
1238 2261 1488 2306 remittimus
