1920 2579
1514 130 1561 173 31

180 198 266 240 {1:213
307 192 502 237 nonnulla
546 192 761 234 adnectere
794 190 857 232 de·
879 188 1061 231 nummis
1093 189 1402 247 Campanorum
1451 201 1561 232 vetu-

184 261 267 298 51-2-4.
305 253 541 298 Franciscns
586 251 797 294 Danielius
827 248 980 291 librnm
1021 251 1198 290 exaravit
1229 264 1337 291 anno
1390 252 1492 292 1802
1529 261 1568 291 et

187 319 296 370 tvpis
332 311 458 355 edidit
484 311 657 368 Neapoli
685 312 825 354 Italico
860 324 1077 350 sermone:
1128 309 1297 350 Moneta
1331 312 1486 351 antiche
1525 311 1567 350 di

194 365 348 430 (sapam.
383 372 429 412 In
467 383 513 411 eo
545 370 712 427 quidem
748 370 889 411 decem
910 378 948 408 et
979 379 1074 410 octo
1092 368 1234 425 prodit
1252 367 1564 424 Campanorum

185 446 384 476 nummos
406 462 417 479 ,
453 429 520 474 ubi
557 429 717 471 erudite
744 428 889 486 probat
909 458 924 478 ,
971 442 1037 468 eos
1065 443 1207 469 omnes
1239 426 1290 468 ab
1321 427 1410 483 ipso
1441 427 1562 468 colle·

186 503 273 532 clos
309 490 359 531 ad
392 488 579 544 Capuam
612 488 760 530 urbem
792 496 1004 544 spectasse.
1040 487 1103 529 Ex
1136 486 1198 526 his
1229 487 1388 527 cunctis
1434 486 1483 528 ab
1516 500 1564 527 eo

183 551 313 590 allatis
347 560 413 588 sex
444 547 551 591 Iovis
590 546 766 603 effigiem
799 545 1046 602 praeseferre
1085 554 1270 595 constat,
1304 544 1345 584 in
1377 559 1559 600 quorum

186 609 323 665 primo
362 619 410 648 ex
440 607 572 647 antica
605 617 718 663 parte
751 604 857 647 Iovis
888 603 1112 661 adspicitur
1143 603 1361 644 barbatum
1393 614 1517 659 caput
1540 637 1555 655 ,

185 678 223 707 et
256 667 390 706 laurea
429 664 630 707 donatum
667 679 761 706 cum
801 662 965 706 dnobus
997 662 1132 704 stellis.
1161 662 1225 703 Ex
1258 662 1409 718 postica
1443 673 1556 717 parte

183 727 303 765 adest
334 724 466 778 aquila
491 757 503 776 ,
537 739 584 765 ex
621 726 737 764 cuius
773 723 948 778 pedibus
986 721 1141 764 fulmen
1175 722 1394 763 emittitur.
1423 720 1501 762 Sex
1523 737 1566 762 a-

184 784 258 822 lios
295 782 343 821 ad
380 782 549 821 Dianam
569 813 581 831 ‚
622 781 722 822 alios
754 781 805 821 ad
841 780 1031 821 Cererem
1054 814 1068 834 ‚
1093 779 1198 820 duos
1227 780 1282 820 ad
1317 780 1522 821 Palladem
1545 813 1561 833 ,

187 851 225 880 et
260 852 415 880 ceteros
454 838 502 879 ad
537 840 761 880 Herculem
801 837 1045 894 pertinuisse
1081 837 1176 878 satis
1223 839 1389 889 elucet,
1443 850 1568 894 prout

184 897 322 936 videre
354 908 410 937 est
443 911 489 936 ex
519 897 682 950 singulis
721 897 901 936 nummis
932 896 1040 951 typis
1074 894 1191 934 editis
1224 896 1275 936 ab
1308 896 1395 950 ipso
1411 898 1565 938 Danie-

183 954 247 994 lio.
289 956 348 996 Ex
380 955 440 993 his
474 955 594 1008 igitur
625 954 767 994 decem
798 963 837 991 et
869 962 967 993 octo
1001 952 1133 992 citatis
1166 963 1325 994 constat
1343 953 1573 1011 Campanos

183 1013 463 1068 praefatorum
500 1012 717 1053 numinum
751 1010 878 1052 cultui
899 1011 1074 1052 maxime
1105 1009 1289 1052 addictos
1323 1012 1471 1063 fuisse,
1503 1015 1574 1070 qui

186 1082 224 1110 et
248 1071 410 1127 templa,
429 1081 468 1112 et
487 1071 730 1112 numismata
750 1069 901 1112 eisdem
918 1068 1437 1112 dedicarunt.Crediderim
1454 1072 1575 1113 Carn-

189 1144 318 1184 panos
353 1128 454 1171 alios
485 1130 674 1171 habuisse
708 1143 932 1171 nummos:
967 1144 1064 1171 nam
1095 1144 1142 1171 ex
1174 1128 1371 1187 his‚quae.
1389 1129 1567 1173 diximus

188 1199 314 1240 ante,
353 1199 390 1228 et
423 1189 718 1247 rempublicam
747 1189 846 1230 satis
894 1187 1065 1230 divitem
1087 1219 1099 1241 7
1147 1197 1186 1229 et
1225 1191 1357 1232 multo
1392 1189 1571 1233 nobilem

187 1246 310 1288 fuisse
341 1247 499 1304 liquet:
526 1250 620 1290 hinc
654 1264 745 1291 eam
777 1249 831 1292 ob
865 1262 1031 1290 causam
1063 1248 1138 1289 alia
1156 1249 1272 1291 fuere
1304 1263 1399 1290 ensa
1420 1250 1577 1292 numis-

184 1315 289 1346 mata
311 1337 325 1357 ,
365 1322 467 1362 quae
501 1308 611 1350 haud
643 1307 695 1350 ad
730 1319 928 1350 nostram*
946 1319 1225 1367 pervenerunt
1258 1318 1449 1360 aetatem,
1483 1325 1579 1352 cum

184 1363 348 1405 sortasse
381 1366 652 1410 Barbarorum
685 1384 837 1423 eausa,
873 1377 912 1410 et
955 1376 1192 1427 temporum
1232 1367 1404 1412 colluvie
1437 1379 1580 1426 utpote

183 1438 285 1478 quae
316 1424 463 1466 suerint
496 1427 718 1484 deperdita.

295 1483 361 1524 Ad
393 1483 543 1527 calcem
576 1486 831 1536 dicendum,
865 1487 1047 1544 Capuam
1084 1485 1206 1528 fuisse
1222 1488 1483 1545 quorundam
1510 1489 1563 1530 vi«

180 1555 318 1585 rorum
352 1543 576 1586 celebrium
609 1547 783 1600 patriam
805 1577 816 1596 ‚
850 1561 955 1602 quos
988 1547 1093 1587 inter
1124 1546 1221 1589 alios
1255 1558 1413 1589 vetusto
1465 1564 1563 1591 aevo

182 1613 435 1644 memoratur
467 1602 543 1645 Cn.
577 1605 753 1646 Naevius
788 1616 906 1662 poeta
926 1604 1211 1647 Atellanarum
1231 1638 1243 1656 ,
1277 1609 1564 1664 Osearumque

182 1659 414 1704 fabularum
447 1664 653 1719 scriptor,
685 1664 755 1720 qui
789 1665 924 1722 primo
956 1664 1112 1706 Punico
1150 1665 1255 1707 bello
1288 1665 1382 1707 fecit
1418 1668 1563 1723 stipen-

182 1717 281 1771 dia,
315 1733 359 1761 ut
391 1721 530 1762 scribit
563 1722 741 1764 Ennius(
768 1722 856 1779 Ipse
892 1734 1004 1765 tanta
1038 1725 1080 1765 in
1111 1723 1329 1766 scribendo
1375 1725 1562 1767 libertate

182 1790 281 1816 usus
315 1790 372 1818 est
394 1810 406 1828 ,
440 1788 484 1818 ut
517 1781 717 1821 nobilium
751 1782 925 1823 factione
947 1814 962 1834 ,
1019 1794 1057 1824 et
1089 1783 1328 1838 praesertim
1370 1783 1557 1836 Metelli,

184 1845 221 1873 et
255 1835 456 1891 Scipionis
489 1837 674 1878 Africani
707 1852 831 1894 opera
865 1840 993 1882 Roma
1041 1840 1217 1897 pulsu5‚
1267 1840 1413 1883 Uticae
1451 1842 1561 1884 diem

183 1893 327 1933 obierit
343 1910 579 1948 extremam,
613 1896 671 1937 uti
705 1895 745 1936 in
766 1898 977 1941 Chronico
998 1898 1232 1940 Eusebiano
1249 1900 1373 1942 tradit
1394 1904 1443 1942 D.
1465 1902 1562 1943 Hie-

180 1966 377 2009 ronymus
408 1954 460 1995 ad
494 1953 787 2012 Olympiadem
821 1955 974 1999 CXIV.
994 1957 1229 2015 Campanus
1246 1958 1322 2000 fuit
1354 1961 1474 2001 etiam
1498 1961 1560 2004 Cl.

178 2010 374 2053 Camillus
405 2013 682 2069 PellegriniuS,
717 2029 874 2057 necnon
892 2017 1192 2059 laudatissimus
1211 2033 1339 2074 usque
1377 2020 1562 2075 Symma-

180 2068 279 2110 chus
309 2072 545 2114 Mazochius
567 2104 579 2124 ,
612 2073 851 2129 Pratillius,
886 2076 1033 2134 aliique
1063 2075 1172 2118 docti
1204 2077 1308 2119 Viri.

293 2130 431 2187 Atque
465 2131 564 2172 haec
595 2133 690 2174 satis
722 2134 831 2186 siut,
864 2150 969 2192 quae
1002 2134 1052 2176 de
1084 2136 1211 2178 veteri
1233 2137 1388 2198 Capua,
1424 2136 1558 2197 deque

177 2184 244 2228 reb
258 2201 303 2228 us
335 2191 386 2232 ad
418 2190 527 2233 illam
561 2192 840 2250 spectantibus
873 2205 987 2238 erant
1020 2193 1204 2238 dicenda.
