1920 2579
1503 111 1557 148 26

223 179 316 206 rem
335 195 345 213 ,
383 172 417 201 rt
449 172 504 203 est
526 176 637 203 nnnc
661 160 898 217 metropolis
913 160 1038 201 totius
1059 161 1187 216 'Regni
1202 160 1473 219 Neapolitani.
1495 125 1585 207 Plu-s:

223 223 334 262 ribus
366 221 513 262 abhinc
541 221 708 262 saeculis
737 219 845 259 hanc
876 218 1020 260 urbem
1054 219 1178 275 Reges
1198 222 1501 264 constituerunt
1518 238 1579 265 re-

219 282 286 334 gni
319 279 467 320 sedem.
506 278 617 321 Nihil
649 278 714 320 illa
748 278 988 334 praeclarius
1009 312 1024 333 ,
1063 288 1101 320 et
1122 278 1300 323 nobilius
1324 295 1406 322 esse
1425 289 1581 336 potest,

212 341 295 380 sive
329 337 504 380 aedificia
524 368 537 387 ,
570 338 652 389 sive
690 337 799 389 vitm,
830 338 915 379 sive
949 336 1037 378 Deo
1057 336 1108 377 O.
1141 337 1199 379 M.
1223 348 1262 379 et
1293 340 1451 381 Sanctis
1473 348 1574 381 tem.

215 400 280 455 pla
312 397 442 438 dicata
475 405 641 451 spectes.
677 395 790 437 Haec
827 395 971 450 procul
1008 393 1134 437 dubio
1172 405 1232 437 est
1272 411 1369 454 prae
1403 396 1571 455 antiqua

214 456 306 497 satis
326 447 585 512 lsplendidior
606 486 620 505 ,
642 464 763 511 atque
783 454 921 496 maior.
941 456 1117 495 Vetusta
1140 454 1236 496 urbs
1276 456 1534 515 Parthenope
1553 488 1569 509 ,

211 526 256 555 ut
289 524 380 554 ante
410 512 584 554 diximus
604 545 617 563 ‚
652 526 773 572 parva
809 513 993 568 profecto
1025 512 1131 562 fuit,
1162 523 1202 553 et
1220 528 1343 570 super
1361 513 1485 556 colles
1510 530 1575 556 ex-

207 571 461 613 tendebatur.
497 575 652 613 Recens
678 572 788 614 urbis
816 571 994 613 ambitus
1025 580 1083 612 est
1103 571 1271 627 triplex,
1310 572 1371 614 vel
1389 573 1572 629 quadru-

205 631 296 686 plus
331 644 451 685 quam
487 631 690 687 antiquus.
731 628 841 671 Vrbs
878 629 1075 671 hodierna
1105 630 1338 674 extenditur
1368 647 1389 672 a
1427 642 1572 690 crypta

204 688 470 743 Neapolitana
501 687 553 729 ad
590 690 759 730 Pontem
795 703 923 745 usque
946 688 1205 743 Magdalenae
1222 704 1342 747 snpra
1362 701 1572 731 recentem

203 746 460 796 Sebethum.,
493 746 640 788 scilicet
672 761 718 788 ex
749 761 793 787 ea
824 756 936 801 parte
956 777 971 798 ,
1007 761 1113 802 quae
1144 747 1404 803 amplectitur
1418 748 1571 789 Echiae

203 807 532 860 promontorium
552 837 566 859 ,
603 807 643 848 S.
677 805 837 849 Erasmi
871 804 1045 856 collem,
1081 803 1220 848 villam
1252 804 1528 847 Arenulanam
1551 837 1566 856 .,

200 862 346 903 collem
396 863 706 920 Capimontium
739 879 865 920 usque
897 862 948 904 ad
979 863 1153 918 Regium
1172 866 1404 921 Pauperum
1426 864 1574 920 Hospi-

200 921 337 970 tium,
375 923 487 975 quod
519 923 681 978 respicit
711 921 916 976 Campum
950 921 1160 962 Martium.
1189 924 1309 963 Hanc
1340 921 1393 963 ob
1410 937 1573 964 causam

198 979 338 1032 populi
368 979 597 1034 frequentia
631 990 690 1020 est
722 981 930 1028 maxima,
963 988 1002 1018 et
1034 990 1124 1033 post
1159 979 1278 1021 urbes
1312 979 1571 1031 Londinum,

199 1034 410 1077 Lutetiam
441 1037 690 1080 Parisiorum
711 1068 727 1088 ,
764 1037 803 1079 et
835 1036 1237 1094 Constantinopolim
1286 1039 1481 1093 Neapolis
1515 1050 1574 1080 est

195 1093 322 1134 totius
351 1097 539 1152 Europae
571 1096 670 1137 urbs
700 1095 1043 1152 frequentissima,
1080 1111 1212 1151 quum
1231 1095 1284 1138 ad
1305 1096 1466 1137 circiter
1497 1106 1578 1138 ter—

197 1162 313 1193 centa
344 1155 544 1209 sexaginta
576 1155 700 1197 millia
733 1154 952 1197 hominnm
983 1155 1222 1207 contineat,
1256 1164 1416 1211 praeter
1467 1165 1574 1196 exte-

197 1224 276 1263 ros,
295 1212 364 1267 qui
398 1214 580 1269 quotidie
611 1215 822 1261 turmatim
857 1213 909 1256 ad
939 1214 1047 1256 hane
1077 1213 1336 1257 incolendam
1352 1212 1577 1256 adveniunt

196 1270 379 1312 eiusdem
409 1273 565 1314 deliciis
596 1274 720 1329 capti.

312 1329 507 1372 Recentes
542 1346 676 1374 mores
706 1342 801 1375 sunt
833 1332 1008 1374 omnino
1041 1330 1277 1373 differentes
1311 1329 1361 1372 ab
1378 1333 1570 1389 antiquis.

193 1387 491 1446 Parthenopaei
522 1391 621 1432 olim
654 1388 901 1433 Graecanice
933 1389 1150 1441 vivebant,
1183 1404 1256 1431 nec
1288 1390 1363 1431 nisi
1394 1390 1446 1431 ad
1481 1392 1573 1431 ulti-

193 1461 302 1486 mam
337 1445 511 1493 Romani
542 1449 709 1505 Imperii
740 1460 909 1493 aetatem
933 1449 1069 1492 Latini
1089 1461 1226 1491 mores
1247 1448 1349 1489 hanc
1367 1448 1409 1489 in
1433 1447 1579 1492 urbem

195 1504 423 1548 introducti
455 1508 594 1551 fuere:
629 1508 729 1565 quin
760 1508 843 1551 imo
885 1508 1018 1550 multo
1050 1515 1145 1564 post
1191 1516 1353 1563 tempus
1407 1507 1574 1563 Imperii

195 1565 447 1619 eversionis,
485 1577 524 1608 et
555 1567 677 1609 etiam
711 1577 930 1624 postquam
962 1565 1128 1617 Gothi,
1165 1573 1204 1605 et
1218 1563 1479 1620 Langobardi
1498 1565 1578 1613 Ita-⁴

193 1624 244 1665 lia
279 1624 479 1667 dominati
508 1626 622 1668 fuere
643 1657 655 1675 ,
696 1626 825 1667 Graio
871 1640 1029 1682 semper
1075 1623 1334 1679 Neapolitani
1357 1680 1358 1683 Ἴ
1379 1623 1573 1666 idiomate

194 1682 470 1737 loquebantur
487 1716 501 1736 ,
537 1694 576 1725 et
605 1683 706 1726 illud
737 1683 1013 1727 adhibuerunt
1031 1682 1082 1724 ad
1100 1682 1321 1737 septimum
1343 1696 1469 1737 usque
1487 1692 1576 1733 sae}

194 1739 331 1779 culum
355 1771 369 1789 ,
405 1751 443 1780 et
476 1742 644 1784 fortasse
675 1743 726 1783 ad
763 1743 1059 1793 undecimum,
1096 1741 1155 1781 uti
1187 1750 1280 1780 ante
1311 1740 1443 1781 fusius
1478 1742 1574 1788 serit

194 1806 362 1853 ptorum
393 1798 660 1855 antiquorum
689 1802 967 1841 monumentis
999 1799 1273 1855 probavimus.

314 1856 468 1899 Everso
498 1858 737 1900 Gothorum
772 1857 811 1897 in
846 1857 958 1897 Italia
990 1857 1132 1911 Regno
1180 1855 1233 1896 ad
1277 1854 1457 1897 Narsetis
1503 1857 1573 1899 ad-

198 1924 368 1966 ventum
388 1947 398 1967 ,
430 1915 623 1972 Neapolis
656 1916 733 1959 fuit
763 1925 868 1956 recta
901 1915 950 1956 ab
1002 1914 1201 1956 Exarchis
1249 1915 1573 1960 RavennatihuS.

198 1973 455 2026 Langobardi
487 1985 625 2031 postea
658 1989 765 2016 anno
800 1989 944 2030 nempe
974 1974 1215 2017 DLXVIII.
1267 1973 1420 2015 ltaliam
1472 1991 1575 2032 pene

197 2042 386 2073 cunctam
418 2032 685 2076 obtinuerunt
705 2064 720 2085 ,
756 2032 826 2074 sed
857 2031 1049 2088 Neapolis
1064 2031 1173 2072 haud
1193 2030 1332 2073 iisdem
1355 2032 1432 2075 fuit
1449 2033 1574 2075 subie-

198 2100 260 2131 cta
282 2122 295 2141 ,
328 2089 396 2131 sed
429 2090 594 2133 Graecis
627 2090 903 2133 Orientalibus
936 2091 1073 2147 potius
1102 2090 1452 2148 Imperatoribus‚
1502 2094 1572 2149 qui

197 2148 358 2192 Ducem
386 2149 438 2191 ad
472 2150 642 2192 eandem
674 2149 981 2206 gubernandam
1013 2149 1256 2199 mittebant,
1291 2165 1416 2208 eaque
1434 2152 1574 2192 aristo-

199 2209 345 2250 cratiee
374 2208 682 2265 quodammodo
714 2208 876 2250 vivebat
908 2210 946 2250 in
981 2208 1226 2268 reipublicae
1245 2209 1432 2251 formam.
1453 2212 1570 2251 quta

199 2268 395 2310 Ioannem
416 2268 658 2312 -Diaconum
690 2283 798 2312 anno
833 2268 1043 2315 DCCXV.
1078 2269 1211 2313 Duces
1243 2284 1261 2308 a
1296 2267 1450 2327 populo
1467 2268 1572 2312 meaa,

1237 2328 1260 2353 ι
