1920 2579
349 116 439 155 232

349 174 449 214 nino
483 168 607 212 §uerit
639 180 808 210 mutata.
843 169 1001 211 Eadem
1037 169 1094 211 via
1127 171 1428 213 Herculaneum
1450 172 1727 228 perveniebat-3,

347 230 443 270 inde
477 244 548 284 per
581 228 754 269 eandem
786 228 1023 270 hodiernam
1078 230 1094 286 (
1128 232 1186 271 uti
1218 230 1418 271 credibile
1441 241 1496 270 est
1530 231 1552 285 )
1605 231 1729 270 Pom-

348 288 470 343 peios
496 302 626 343 usque
659 286 873 327 veniebat:
908 297 1018 328 extra
1049 289 1166 330 cuius
1198 289 1310 330 urbis
1342 292 1521 344 portam,
1557 288 1629 329 ubi
1665 288 1732 327 via

352 345 625 398 Sepulchralis
659 345 799 400 paucis
831 344 978 384 abhinc
1023 347 1138 388 annis
1184 345 1420 395 eruderata‚
1475 361 1602 402 eaque
1652 346 1729 386 lata

352 404 509 446 XXVI
546 403 702 457 palmos
735 403 894 444 circiter
923 405 1230 461 Neapolitanos,
1291 416 1332 445 et
1379 405 1557 445 silicibus
1609 414 1732 444 strata

351 461 509 517 Appiae
554 461 606 501 ad
651 460 824 502 modum
872 451 1126 517 adspicitur,
1176 479 1257 521 qua
1302 465 1606 506 Herculaneum
1654 463 1731 502 iter

352 532 450 563 erat.

468 581 528 621 Ex
559 578 622 618 his
654 593 782 633 usque
813 577 937 619 modo
969 577 1095 619 allatis
1126 579 1432 620 auetoritatibus
1452 612 1465 629 ,
1518 588 1554 619 et
1587 579 1724 618 conie-

357 638 481 678 cturis
513 638 740 689 peutingeri
776 636 1055 692 Odeporicum
1101 638 1353 678 contrarium
1396 639 1514 678 nobis
1560 638 1731 676 inuuere

354 694 514 736 videtur
535 725 547 744 ‚
579 709 673 734 cum
702 696 803 733 hane
849 695 1092 748 descriptam
1123 696 1233 736 viam
1263 694 1374 736 haud
1410 695 1593 749 designet
1616 725 1627 744 7
1660 694 1730 733 sed

353 756 547 794 viatorem
581 767 602 790 a
650 753 820 809 Neapoli
852 752 903 792 ad
935 752 1085 793 Nolam
1118 754 1297 809 primum
1319 785 1336 804 ,
1388 753 1483 793 inde
1534 751 1731 792 Hercula-

357 828 499 861 neum,
521 821 559 849 et
580 811 794 864 Pompeios
824 811 947 851 ducit.
982 812 1059 851 Sed
1092 813 1200 852 haud
1224 810 1620 855 etiaminfieiandum
1660 819 1735 858 est,

357 874 457 924 quin
489 867 564 908 alia
599 868 718 908 fuerit
751 871 812 908 via
843 869 1003 909 brevior
1035 885 1057 910 a
1090 869 1260 926 Neapoli
1302 871 1607 910 Herculaneum
1628 899 1642 918 ,
1695 878 1733 907 et

346 927 587 982 Pompeios.
621 931 676 966 At
708 943 788 968 non
822 943 1011 983 negamus
1042 928 1280 968 hodiernam
1318 926 1738 969 Herculaneamviam

363 986 521 1026 1101111151
557 987 675 1040 pluia
707 996 798 1041 post
830 985 984 1027 saecula
1006 1018 1017 1036 .‚
1051 1002 1193 1042 nempe
1223 985 1399 1042 Philippi
1433 987 1484 1027 II
1533 983 1736 1027 Austriaci

361 1060 459 1085 aevo
491 1043 553 1087 vel
586 1041 692 1085 silice
724 1054 1005 1098 constratam,
1055 1046 1113 1085 vel
1162 1046 1484 1087 commodiorem
1535 1041 1737 1094 redditam

364 1104 501 1143 fuisse

480 1159 546 1201 Ab
580 1158 832 1200 Herculanea
863 1162 923 1201 via
957 1161 1124 1216 gradum
1151 1162 1345 1204 faciamus
1376 1161 1427 1201 ad
1443 1160 1739 1211 Suessulanam‚

133 1220 362 1250 msuessulana.
354 1233 466 1275 ·quae
497 1217 547 1258 ad
580 1218 844 1271 Campaniam
878 1219 996 1259 etiam
1031 1220 1240 1273 pertinuit.
1293 1220 1434 1285 Capua
1486 1218 1583 1258 olim
1637 1218 1736 1258 duas

367 1281 472 1318 inter
503 1276 596 1316 alias
630 1275 802 1316 habebat
835 1276 951 1326 vias,
981 1293 1026 1317 ex
1059 1277 1207 1331 quibus
1239 1279 1278 1317 in
1312 1279 1465 1320 vicinas
1512 1276 1631 1316 urbes
1661 1277 1743 1316 idi-

365 1335 466 1376 bant
501 1336 688 1375 viatores.
718 1335 755 1373 A
787 1343 905 1388 porta
935 1334 1094 1376 Albana
1145 1335 1310 1376 initium
1357 1335 1504 1375 seilicet
1550 1334 1739 1374 sumebat

370 1396 462 1442 via,
492 1409 569 1448 qna
607 1391 757 1431 Nolam
802 1390 1013 1433 adibatur:
1064 1393 1159 1432 haec
1190 1409 1285 1434 cum
1319 1394 1452 1448 Appia
1501 1392 1621 1433 simul
1671 1408 1743 1449 pet*

365 1451 482 1507 plura
515 1451 637 1490 millia
671 1463 861 1504 passuum
905 1449 1238 1502 coniungebatur.
1270 1452 1334 1492 Eo
1381 1453 1473 1492 loco
1523 1449 1655 1504 Appia
1702 1466 1744 1491 se

368 1508 550 1551 dividens
581 1508 807 1560 Calatiam,
836 1519 875 1549 et
919 1510 1012 1550 inde
1056 1510 1337 1550 Beneventum
1383 1509 1601 1565 pergebat:
1650 1509 1747 1550 hine

370 1569 480 1609 idem
512 1583 683 1624 sequens
715 1567 790 1606 iter
822 1568 895 1608 alia
929 1569 990 1608 via
1022 1568 1254 1609 Suessulam
1288 1569 1473 1609 flectebat
1507 1566 1614 1622 apud
1666 1570 1744 1609 Ar·-

371 1627 551 1682 gentium
585 1642 655 1681 per
687 1641 828 1679 agrum
859 1628 1125 1668 Acerranum.
1159 1630 1263 1667 Pons
1296 1641 1416 1682 snpra
1454 1625 1645 1667 Clanium
1678 1625 1746 1665 ad-

372 1684 588 1738 surgebat3
620 1698 664 1725 ex
697 1685 773 1724 hoc
806 1683 896 1725 loco
928 1685 1077 1725 Nolam
1108 1685 1342 1725 adeundum
1377 1694 1459 1724 erat
1487 1715 1499 1732 ,
1531 1698 1610 1738 qua
1654 1700 1744 1751 par-

375 1753 414 1783 te
465 1743 616 1783 dicitur
646 1743 690 1783 Za
725 1743 951 1793 Sele-lata,
1002 1744 1056 1782 sic
1091 1744 1196 1784 dieta
1240 1743 1290 1783 ab
1333 1753 1489 1783 vetusta
1527 1742 1587 1781 via
1637 1742 1744 1782 silice

379 1811 502 1842 strata
523 1833 537 1852 ,
572 1815 677 1856 quae
709 1800 797 1840 heic
829 1801 963 1841 adhuc
996 1802 1191 1857 superest.
1225 1801 1453 1855 Peutingeri
1488 1800 1749 1843 Itinerarium

382 1860 549 1902 huiusce
580 1858 664 1900 viae
712 1858 972 1900 Suessulanae
997 1862 1223 1905 meminit:

465 1974 670 2019 CAPUAE
704 1975 764 2017 V-l
794 2006 804 2017 .
838 1977 1133 2019 SUESSULAE
1164 1978 1263 2019 VIII
1298 2010 1307 2020 .
1341 1976 1509 2019 NOLAE
1546 1977 1601 2017 VI
1635 2008 1644 2017 .

455 2092 752 2148 Pellegiinius
785 2095 893 2135 Disc.
926 2094 977 2135 II·
1011 2110 1169 2151 paragr.
1203 2096 1258 2136 26
1293 2094 1395 2134 hane
1425 2095 1480 2133 ita
1526 2089 1747 2134 describit:

378 2153 436 2192 DL·
470 2162 618 2209 questa
667 2166 734 2192 vla
785 2153 1052 2194 Suessolana
1080 2155 1130 2195 vi
1158 2169 1262 2195 sono
1300 2152 1470 2193 rimasti
1497 2150 1619 2191 assai
1656 2163 1745 2189 Cer-

379 2211 409 2250 ti
438 2211 593 2266 vestigi
619 2211 694 2249 nel
723 2211 849 2251 bosco
883 2211 995 2251 (letto
1015 2221 1344 2254 comunemetzte
1375 2212 1402 2250 l'
1430 2210 1559 2250 Olmo
1594 2207 1735 2262 Οιιρο,

380 2283 404 2309 e
433 2270 507 2310 nel
541 2269 771 2310 tenimento
803 2268 876 2311 del
909 2279 1054 2312 nostro
1085 2272 1235 2313 casale
1260 2271 1477 2312 Chimnalo
1507 2270 1548 2310 le
1582 2267 1749 2311 Massa-
