1961 2574
223 767 373 793 &anancae-

252 1033 353 1058 Oleum.

194 1422 373 1451 &rumentum-

250 2159 354 2186 usuca.

425 128 446 176 [ι

425 200 458 223 c.
495 184 533 224 e.
569 180 678 235 Quia
713 178 820 219 {aem
853 176 1003 218 ibidem
1038 176 1210 226 scribit,
1244 175 1386 216 vinum
1436 165 1540 216 iilud
1585 178 1698 233 quod
1731 193 1794 224 ω

426 256 610 297 pressum
646 239 722 279 fuit
755 238 831 278 sub
865 234 1031 277 consule
1065 235 1268 292 Opimio,
1305 234 1375 290 qui
1408 234 1665 278 consulatum
1714 256 1796 295 ges.

429 302 478 342 sit
510 314 616 340 auno
651 298 699 336 V.
736 298 782 337 C.
814 293 1099 339 DCXXXIH.
1134 308 1331 350 perquam
1362 291 1544 347 celebre,
1592 306 1630 335 et
1677 298 1795 340 eden>-

427 358 559 399 tulnm
596 356 715 397 fuisse
745 354 795 394 ad
828 355 911 396 CC.
944 352 1027 392 fere
1059 366 1186 393 annos
1218 361 1503 395 conservatum
1538 384 1553 404 ,
1606 353 1791 414 illudque

426 427 518 473 post
550 426 630 455 tam
664 417 902 467 longaevum
938 420 1099 466 tempus
1129 412 1170 451 in
1202 409 1376 466 speciem
1424 409 1552 451 mellis
1598 428 1680 455 esse
1726 431 1788 457 re·

426 475 606 516 dactum.
641 476 701 515 De
735 474 810 512 hoe
842 471 962 512 etiam
998 470 1210 510 Petronius
1243 469 1374 526 Satyr.
1406 484 1439 510 c.
1465 470 1516 521 34
1536 473 1790 516 mentionem

428 533 532 573 facit.
567 530 678 586 Quid
713 532 833 571 etiam
865 527 1107 587 praedicabo
1125 528 1175 570 de
1208 528 1462 579 Surrentino,
1495 529 1610 570 cuius
1643 533 1785 574 memi-

425 592 485 632 nit
514 590 656 631 Strabo
687 589 755 630 lib.
788 592 843 632 V.
878 591 1022 642 Georg.
1060 586 1198 643 aitque
1226 584 1327 626 illud
1360 585 1481 626 fnisse
1529 589 1733 644 optimum
1767 623 1783 643 ,

424 660 463 690 et
509 649 684 689 maximo
715 649 757 688 iu
789 649 918 703 pretio
952 646 1140 690 habitum
1169 643 1279 703 apud
1311 644 1546 698 Romanos,
1566 662 1692 703 aeque
1739 665 1785 691 ae

425 709 666 756 Falernum,
695 716 732 747 et
765 707 1004 747 Gauranum
1030 710 1045 747 τ’

541 765 709 805 Adhaec
740 774 945 804 castanea-e
975 762 1301 810 laudatissimae,
1352 769 1391 799 et
1439 759 1787 816 frequentis-simae

419 823 461 862 in
493 822 716 875 CampanIa
748 821 932 869 fuerunt,
955 818 1139 873 quamvis
1172 815 1369 858 Martialis
1386 816 1455 858 lib.
1491 820 1544 860 V.
1566 819 1702 877 Epigr.
1725 837 1780 878 79

418 879 469 921 ad
502 877 710 936 quendam
740 877 918 919 scribens
959 875 1191 918 Toranium
1224 875 1334 917 haud
1365 877 1526 932 corpori
1575 877 1784 930 benefaceg

422 955 463 980 re
495 938 631 981 sentit.
1652 970 1655 972 .

533 996 595 1036 De
625 995 709 1050 agri
740 993 939 1051 Campani
971 994 1060 1036 oleo
1092 991 1139 1034 fit
1171 994 1324 1035 mentio
1354 1008 1478 1050 quam
1511 994 1785 1052 frequentissi-

418 1069 484 1096 me
516 1054 627 1110 apud
660 1064 826 1096 veteres.
859 1056 1091 1110 Campanus
1125 1052 1232 1093 enim
1265 1067 1356 1108 ager
1406 1067 1486 1093 non
1522 1053 1655 1094 solum
1689 1056 1786 1097 Bac·-

419 1114 495 1155 cho
518 1144 529 1165 ⁷
562 1114 791 1168 Cerereque
822 1126 867 1153 ac
901 1114 1055 1168 pascuis
1077 1143 1089 1161 ,
1123 1125 1267 1152 verum
1310 1110 1431 1150 etiam
1463 1110 1554 1152 oleo
1573 1111 1651 1152 fuit
1683 1113 1786 1161 feraff

417 1171 615 1214 eissimus.
649 1170 754 1212 Oleo
800 1169 1023 1211 abundavit
1062 1168 1349 1211 venafranum
1384 1169 1607 1226 'praecipue
1645 1170 1780 1214 solum

415 1245 509 1286 prae
534 1229 776 1279 Licinian03
807 1244 901 1270 nam
936 1229 1013 1269 hoc
1040 1228 1180 1279 ,cuius
1214 1242 1305 1282 ager
1346 1228 1581 1270 Venafrano
1615 1230 1781 1287 propin-j

412 1304 516 1345 quus
550 1298 664 1344 erat,
712 1288 851 1330 Italiae
883 1286 1278 1344 praestantissimum
1314 1285 1616 1329 aestimabatur.

529 1350 587 1389 At
621 1362 672 1388 ne
709 1347 867 1388 silentio
900 1345 1070 1403 quidem
1119 1344 1463 1402 praetereundum
1514 1355 1608 1399 est,
1654 1347 1777 1396 Cam-5

411 1404 558 1464 panam
590 1406 792 1460 regionem
827 1404 948 1447 fuisse
976 1406 1097 1446 etiam
1134 1402 1411 1446 abundantem
1427 1404 1654 1457 frumento,
1679 1406 1773 1450 hore

410 1466 515 1519 deo,
552 1474 591 1506 et
622 1462 929 1520 leguminibus3
960 1464 1027 1504 hic
1055 1464 1164 1504 enim
1199 1478 1290 1517 ager
1325 1473 1474 1504 aestate
1514 1475 1639 1504 scatet
1673 1466 1769 1520 per-

408 1534 530 1579 petua
549 1554 562 1574 ,
602 1532 641 1561 et
674 1538 697 1563 a
725 1533 866 1564 natura
898 1521 1138 1567 huiusmodi
1168 1520 1433 1564 abuntantiae
1453 1521 1571 1563 donis
1599 1522 1676 1563 fuit
1697 1539 1775 1564 cu·

410 1581 587 1622 mulatus
607 1610 619 1628 ‚
651 1589 698 1620 ut
733 1594 827 1635 prae
860 1581 1017 1621 cunctis
1052 1580 1162 1621 orbis
1193 1581 1349 1633 angulis
1388 1595 1495 1620 unus
1527 1580 1591 1619 hic
1645 1595 1773 1638 usqne

410 1639 533 1680 fuerit
569 1636 834 1693 praedicatus.
874 1638 1048 1679 Constat
1077 1638 1282 1678 enimvero
1306 1637 1512 1679 Romanos
1547 1653 1663 1693 saepe
1704 1655 1777 1681 an-

413 1710 545 1738 nona-e
576 1695 739 1736 caritate
772 1709 982 1751 oppressos
1011 1695 1054 1736 in
1088 1695 1161 1737 hos
1193 1708 1310 1750 agros
1345 1697 1527 1746 misisse,
1581 1697 1653 1752 qni
1693 1698 1771 1738 sibi

410 1755 617 1796 frumenta
651 1764 953 1808 compararent..
996 1755 1122 1795 Anno
1169 1755 1279 1795 enim
1315 1754 1551 1810 praesertim
1586 1754 1771 1798 CCLXl.

411 1812 461 1853 ab
505 1813 556 1853 V.
594 1813 640 1853 C.
677 1811 857 1866 Geganio
893 1812 1129 1864 Macerino,
1161 1822 1200 1853 et
1234 1812 1278 1852 P.
1316 1812 1495 1853 Minutio
1531 1813 1645 1855 Coss,
1698 1815 1782 1856 Ros

410 1885 580 1912 manum
620 1870 816 1911 Senatum
846 1870 994 1926 legatos
1025 1870 1068 1910 in
1115 1868 1324 1911 Etruriam
1358 1870 1539 1924 misisse,
1575 1879 1614 1910 et
1662 1870 1779 1914 Cam-

409 1928 570 1984 paniam
592 1958 604 1979 ‚
636 1937 676 1968 et
709 1929 751 1967 in
786 1942 929 1983 agrum
966 1928 1263 1982 Pomptinum,
1303 1943 1387 1983 quo
1429 1928 1660 1969 coemerent
1692 1944 1775 1971 ma-

409 1986 559 2026 ximam
589 1985 784 2026 frumenti
813 1987 991 2042 copiam.
1022 1984 1181 2025 Tullius
1213 1985 1334 2026 etiam
1372 1988 1488 2029 Orat.
1505 1995 1646 2028 contra
1680 1988 1770 2030 Rut.

409 2044 496 2084 lum
531 2058 570 2085 n.
611 2058 633 2083 2
676 2042 726 2084 de
754 2043 969 2086 frumentis
1003 2043 1191 2085 omnium
1220 2043 1446 2100 specierum
1479 2047 1560 2101 agri
1590 2046 1768 2103 Campa*

412 2102 455 2142 ni
490 2101 742 2143 mentionem
775 2102 883 2145 facit.

524 2161 648 2201 Nunc
678 2159 846 2202 tandem
877 2161 927 2203 de
965 2160 1106 2203 ostreis
1143 2174 1276 2202 sermo
1329 2161 1606 2219 capessendus.
1654 2163 1770 2206 Nihil

407 2217 496 2257 heic
528 2217 657 2258 dicam
689 2217 739 2258 de
774 2221 935 2262 vivariis
968 2230 1052 2262 tam
1092 2217 1302 2261 celebratis
1333 2232 1356 2260 a
1392 2221 1657 2275 scriptoribus
1674 2252 1690 2273 ,
1728 2232 1769 2263 et

405 2276 618 2333 praecipue
647 2276 792 2320 Licinii
821 2278 1068 2334 Muraenae,
1104 2278 1344 2334 Hortensii,
1383 2279 1579 2334 Luculli,
1638 2280 1764 2336 Sergii
