1920 2579
1469 110 1557 157 243

182 169 367 202 atictores
399 159 519 200 fuisse
550 158 633 200 vias
668 155 920 214 dilapidandi
953 171 1001 200 ex
1031 158 1288 215 temporibus
1335 162 1555 203 remotissi-

184 218 285 259 mis:
323 219 518 259 Primum
553 216 691 258 Poeni
723 216 923 258 dicantur
953 217 1170 272 lapidibus
1212 222 1302 260 vias
1342 226 1555 271 stravisse,

175 286 330 329 postest
382 278 565 317 Romani
591 288 697 329 per·
719 289 893 316 omnem
925 291 1033 330 pene
1067 278 1215 317 orbem
1249 276 1555 332 disposuerunt

176 345 357 389 propter
387 334 677 375 recctamlinem
716 335 908 374 ilz‘nerzcrrz
931 366 944 385 ,
980 345 1021 376 et
1055 349 1111 375 ne
1135 335 1264 387 plebs
1296 345 1411 378 esset
1446 344 1553 379 otio-

179 409 242 435 sa.
280 393 424 433 Iisdem
467 405 553 432 mos
582 391 658 432 fuit
692 402 838 432 terram
871 404 978 433 recte
1009 391 1142 450 glarea
1165 394 1398 436 consistere.
1442 396 1559 451 Quid

178 461 315 492 autem
346 450 444 490 haec
476 449 552 490 sibi
586 450 707 499 velit,
741 448 886 491 definit
920 451 1143 493 Accursius
1174 451 1243 492 lib.
1303 467 1335 496 ῐ.
1375 453 1424 495 de
1480 454 1557 496 Via

180 506 294 566 publ.
331 507 498 550 Glarea
529 519 592 551 est
626 509 824 551 sabulum
857 523 956 550 cum
989 515 1148 565 parvis
1197 512 1369 565 lapillis.
1420 512 1557 554 Media

180 568 266 609 viae
308 581 400 623 pars
433 576 518 617 erat
553 581 696 623 parum
750 565 939 622 sublata,
970 582 1074 625 quae
1123 578 1262 623 postea
1317 569 1422 611 dicta
1474 571 1554 612 fuit

184 625 301 668 Viae
332 626 515 682 Agger,
552 639 637 682 quo
668 640 796 682 aquae
829 642 875 667 ex
908 628 1084 683 utroque
1114 625 1238 668 latere
1266 659 1278 678 ,
1311 628 1344 668 si
1393 628 1555 685 pluviae

181 685 446 738 ingruerent,
504 683 818 738 percolationem
866 684 1100 726 habuissent
1153 683 1390 728 faciliorem.
1440 688 1554 728 Haec

180 744 300 784 elatio
330 743 369 782 in
419 741 551 783 media
590 743 674 784 viae
714 754 827 798 parte
873 742 1099 786 hodiedum
1149 744 1269 785 etiam
1319 745 1429 799 apud
1480 759 1555 788 nos

181 803 223 843 in
257 815 372 842 more
403 811 461 842 est
494 801 652 854 posita:
686 800 790 843 hanc
825 800 1000 843 dicimus
1030 817 1058 843 a
1090 802 1281 844 Schiena
1317 803 1362 845 di
1388 819 1516 859 pesce
1545 836 1559 855 ‚

182 876 208 902 o
242 859 282 900 (Γ
298 860 440 902 asino.
477 858 542 900 CI.
575 861 741 902 Ancora
763 892 776 911 ‚
807 862 1011 903 Econom.
1055 860 1214 913 Fisica,
1252 876 1340 918 pag.
1379 876 1459 916 197
1492 867 1555 904 ἐι·-

179 918 355 960 bitratur
385 916 494 975 apud
528 928 680 960 veteres
713 933 795 961 non
829 920 1062 961 usuvenisse
1112 921 1195 962 vias
1240 919 1459 963 arboribus
1507 937 1554 963 ex

182 987 358 1033 utroque
401 979 526 1019 latere
574 976 798 1033 claudere,
828 989 872 1020 ut
925 978 1034 1034 apud
1090 992 1193 1030 1305,
1242 978 1369 1036 idque
1412 979 1555 1022 fecisse

179 1050 263 1078 non
295 1036 416 1077 aliam
449 1035 504 1077 ob
555 1050 748 1088 causam,
784 1038 859 1078 nisi
898 1048 943 1079 ut
988 1038 1157 1079 viatores
1213 1039 1348 1088 aeris,
1386 1049 1425 1081 et
1473 1039 1556 1080 via-

179 1109 273 1136 rum
310 1095 537 1151 gauderent
569 1094 776 1149 adspectu.
809 1094 925 1136 Idem
974 1095 1139 1146 asserit,
1174 1095 1415 1138 introducto
1447 1097 1557 1153 apud

179 1156 387 1194 Romanos
419 1167 494 1193 usu
529 1153 612 1194 vias
643 1150 821 1192 silicibus
851 1151 1086 1206 sternendi,
1105 1153 1266 1195 easdem
1286 1186 1299 1204 ‚
1337 1170 1440 1210 quae
1475 1164 1554 1197 ter-

178 1226 224 1252 ra
256 1221 413 1251 tantum
446 1209 752 1264 consistebant,
786 1220 831 1250 ut
849 1209 1000 1252 rurales
1033 1209 1190 1253 habitas
1223 1211 1373 1266 fuisse,
1408 1227 1557 1271 easque

189 1269 327 1311 bestiis
361 1271 517 1311 onustis
550 1269 775 1312 inservisse.
809 1268 1064 1311 Huiusmodi
1092 1270 1180 1312 viae
1200 1269 1331 1313 dictae
1362 1272 1476 1314 suere
1506 1273 1563 1314 A·

184 1338 377 1387 greum,
409 1328 670 1385 Liguadae,
698 1337 738 1367 et
775 1326 1042 1370 Pastorales.

303 1386 428 1443 Apud
448 1387 555 1442 ipsos
572 1386 762 1441 antiquos
786 1385 890 1427 duae
909 1387 1067 1428 viarum
1083 1386 1234 1443 species
1253 1388 1556 1432 communiore's

181 1445 293 1486 fuere
316 1459 325 1484 ε
348 1445 502 1501 primae
523 1455 637 1486 erant
667 1442 772 1493 illae,
792 1458 896 1500 quae
915 1443 1045 1498 glarea
1061 1456 1177 1487 erant
1208 1456 1458 1500 constratae,
1511 1457 1560 1488 ut

181 1504 302 1545 etiam
335 1518 445 1544 nunc
475 1517 565 1545 mos
595 1513 653 1544 est
682 1503 724 1543 in
757 1501 1027 1559 Neapolitano
1071 1504 1216 1562 Regno
1263 1505 1338 1546 viis
1391 1506 1559 1548 eiusmo-

183 1562 228 1605 di
252 1593 263 1615 ,
313 1561 482 1619 illaeque
528 1562 664 1602 minus
695 1559 781 1603 aliis
814 1562 1030 1617 valebant,
1062 1577 1159 1605 cum
1203 1564 1332 1619 glarea
1396 1574 1561 1609 tantum

181 1631 440 1664 sterneretur.
478 1620 643 1664 Alterae
675 1630 790 1662 erant
837 1622 1018 1664 silicibus
1064 1632 1244 1675 stratae,
1280 1622 1349 1664 ubi
1399 1622 1555 1681 lapides

178 1679 446 1736 praegrandes
478 1678 793 1724 adhibebantur.
845 1681 1100 1723 Huiusmodi
1154 1682 1240 1724 viae
1288 1683 1459 1739 magnis.
1494 1682 1559 1723 vel

182 1737 441 1795 reipublicae,
462 1738 524 1785 vel
557 1738 756 1783 Virorum
789 1740 1082 1785 Consularium
1112 1737 1267 1785 fiebant
1304 1739 1555 1800 sumptibus.
