1920 2579
371 120 447 162 138

367 179 449 218 sive
480 177 693 233 posteriori
726 191 824 218 aevo
853 176 963 218 lacus
1005 176 1071 217 hie
1102 174 1339 228 emerserit,
1393 175 1503 217 haud
1554 189 1735 232 unquam

364 251 458 277 cum
493 237 615 277 citato
647 236 863 279 Mazochio
893 235 1141 277 eredendum
1192 238 1323 292 ipsum
1358 251 1440 277 esse
1480 245 1564 277 tam
1597 248 1737 275 recen-

364 306 445 335 tem
468 326 479 346 ,
514 306 559 335 ut
591 295 750 336 nonnisi
782 293 942 337 saeculo
971 295 1040 336 XI.
1077 294 1355 336 adsurrexerit.
1393 295 1524 335 Lacus
1570 293 1635 334 hic
1669 302 1736 336 νε·-

367 351 726 395 ῐηειίεείηῑιυεέεεθ
755 353 926 396 debuine
962 368 1032 394 nec
1065 354 1212 395 mirum
1250 356 1299 395 sit
1322 386 1333 404 ,
1384 356 1413 395 si
1464 351 1515 393 ab
1559 352 1740 409 antiquis

365 412 476 453 haud
509 412 630 452 fuerit
661 412 897 469 descriptus.
928 413 1114 454 Blondus
1146 412 1250 455 Hist.
1286 413 1415 469 Neap.
1456 410 1588 451 lacum
1624 412 1740 451 hunc

363 471 690 527 antiquissimum
722 487 835 524 esse,
873 481 911 513 et
943 473 1076 527 ipsum
1108 473 1391 512 Romanorum
1425 480 1607 526 tempore
1639 469 1742 510 exti-

365 529 456 570 tisse
486 529 566 569 iem
596 529 828 572 arbitratur.
862 531 970 571 Hinc
1004 531 1051 572 L.
1086 530 1307 571 Lucullum
1348 530 1498 572 fossam
1531 529 1734 585 aperuisse

362 587 499 628 scribit
529 588 752 630 Olibanum
781 589 887 630 inter·
908 620 920 639 ‚
953 600 991 630 et
1025 590 1282 643 Leucogaeos
1312 587 1435 630 colles
1460 619 1472 638 ‚
1501 603 1548 628 ex
1579 602 1658 642 qua
1680 585 1734 626 ad

362 661 473 686 mare
505 662 633 703 usque
664 663 767 703 aqua
801 648 1071 700 decurrebat,
1104 662 1275 703 eamque
1307 657 1539 702 temporum
1570 646 1732 701 longae-

365 705 488 746 vitate
520 705 724 761 oppletam
758 707 984 747 vicinorum
1008 707 1210 747 montium
1245 705 1410 746 assiduis
1440 705 1555 760 aquis
1587 703 1731 745 credit.

363 762 476 803 Idem
506 775 693 804 autumat
723 765 957 815 Carleuus,
996 765 1094 819 Reg.
1125 766 1250 819 Brug.
1287 775 1381 804 nota
1419 774 1467 815 14
1509 763 1558 804 15
1591 772 1630 802 et
1668 765 1734 803 16.

362 824 420 862 At
451 821 530 863 hoc
561 837 683 864 omne
713 823 913 863 incertum
945 824 1110 879 quidem
1145 834 1228 873 est,
1263 837 1357 864 cum
1393 837 1439 864 ex
1473 821 1640 864 historia
1674 820 1734 860 ni-

364 879 422 919 hil
457 881 674 921 memoriae
702 880 914 937 proditum
954 882 1043 924 fuit.
1078 881 1314 922 Mazoohius
1365 881 1510 938 probat
1556 881 1596 921 in
1643 879 1736 935 ipso

365 937 456 978 lacu
488 939 711 981 Lucullum
743 941 878 980 villam
912 942 1133 996 possedisse
1165 955 1211 980 ex
1246 940 1384 981 multis
1405 971 1416 992 ,
1446 954 1550 996 quae
1597 951 1734 993 super-

367 1006 463 1037 sunt
494 997 724 1040 ruderibus.
758 999 862 1039 Sunt
895 999 1013 1040 etiam
1049 1000 1118 1056 qui
1142 999 1325 1040 scribunt
1342 998 1409 1056 (ι)
1429 998 1516 1040 heic
1537 996 1612 1039 loci
1632 995 1733 1037 olim

365 1054 487 1096 fuisse
520 1056 661 1098 urbem
696 1057 862 1097 nomine
895 1057 1273 1115 Anglammz'(2).

481 1113 560 1154 Hic
592 1129 687 1155 vero
720 1114 831 1155 lacus
863 1130 884 1155 a
917 1117 1044 1156 Medii
1079 1117 1171 1157 AEvi
1223 1115 1488 1172 scriptoribus
1537 1112 1733 1156 colatori-

360 1169 467 1212 rium
507 1172 577 1227 (3)
611 1172 690 1213 suit
724 1184 1039 1231 nuncupatum,
1075 1174 1227 1231 quippe
1259 1174 1370 1230 quod
1417 1173 1472 1214 ibi
1505 1173 1735 1214 vicinorum

443 1412 519 1454 vr(1)
547 1409 603 1445 Cl.
632 1410 843 1447 Mazochius
870 1411 914 1447 dc
953 1412 1079 1448 Castro
1103 1411 1250 1448 Lucull.
1288 1425 1373 1461 pag.
1411 1413 1493 1449 '215
1538 1416 1656 1452 asserit
1695 1418 1732 1454 in

366 1458 434 1495 hoc
460 1459 542 1495 lacu
572 1468 685 1497 extare
730 1461 850 1497 adhuc
885 1470 1043 1499 vetustas
1077 1462 1252 1499 fabricas:
1293 1462 1620 1511 Comper'tissinzum
1661 1476 1735 1512 est,

365 1509 527 1559 quotidie
554 1509 601 1544 ab
629 1511 876 1547 urinatoribus
903 1515 1064 1563 ingentes
1090 1515 1350 1549 continentium
1378 1513 1732 1560 aedifici07÷um,1'n-

361 1559 503 1605 terdum
530 1561 753 1610 inlegrorwn
781 1574 975 1612 compages
1003 1566 1051 1597 in.
1068 1569 1142 1597 loto
1167 1566 1287 1612 stagni
1299 1562 1428 1613 fundo
1472 1565 1700 1612 deprehendi
1720 1596 1731 1613 ‚

361 1622 408 1645 ac·
430 1615 663 1658 pertentari,
700 1615 751 1647 ita
786 1620 826 1646 ut
863 1613 973 1648 iidem
1011 1626 1083 1649 non
1118 1612 1281 1649 dubitent
1300 1641 1310 1656 ‚
1350 1626 1413 1648 eas
1449 1614 1550 1663 opidi
1583 1617 1736 1653 alicuius

364 1661 488 1695 minas
501 1660 639 1710 fim'sse.
669 1662 758 1697 Heic
786 1675 871 1711 ergo
900 1663 968 1699 loci
1009 1662 1080 1698 suit
1109 1664 1192 1698 urbs
1224 1664 1325 1700 iuxta
1354 1664 1412 1700 Cl.
1440 1671 1621 1702 auctorem
1639 1694 1650 1710 ‚
1674 1675 1737 1703 aut

361 1709 487 1746 saltem
519 1711 731 1748 fabricarum
761 1712 964 1762 frequentia
985 1741 995 1759 ,
1037 1725 1131 1761 quae
1158 1713 1278 1750 villam
1307 1713 1604 1755 &formabat-,At
1632 1729 1733 1765 quae-

364 1773 450 1795 nam
481 1759 540 1796 illa
568 1761 637 1797 fuit
653 1762 670 1796 ζ)
699 1762 844 1798 eandem
873 1762 918 1799 ad
938 1763 1135 1799 Lucullum
1154 1765 1366 1811 pertinuisse
1382 1765 1505 1801 scribit
1529 1764 1636 1801 idem.
1654 1765 1734 1803 Hoc

367 1811 545 1859 probatur
571 1824 610 1846 ex
638 1812 804 1860 pluribus
830 1814 946 1849 ruinis
968 1841 979 1858 ‚
1007 1826 1099 1863 quae
1125 1823 1260 1851 restant
1287 1815 1378 1851 circa
1411 1815 1566 1851 eundem
1595 1816 1732 1854 locum.

365 1863 413 1897 At
439 1874 505 1910 ego
534 1857 629 1898 nihil'
650 1863 905 1901 affirmandum
930 1866 1086 1900 auserim
1115 1863 1160 1899 ad
1187 1878 1384 1914 quemnam
1426 1864 1511 1902 hacc
1553 1866 1739 1915 pertinue-

364 1912 412 1946 rit
440 1910 585 1947 fabrica.
979 1959 982 1962 ,

465 1961 525 2010 (2)
553 1961 594 1997 In
622 1963 776 2000 candem
804 1968 911 2002 etiam
938 1966 1151 2001 sententiam
1181 1967 1247 2002 ivit
1275 1965 1733 2011 Galantius7Descrizione

363 2011 397 2046 di
427 2012 571 2061 Napoli.
594 2014 625 2048 ls
654 2015 749 2050 euim
766 2023 931 2052 autumat
958 2017 994 2050 in
1013 2016 1154 2051 Aniano
1171 2023 1297 2066 stagno
1327 2029 1476 2066 parvam
1503 2016 1588 2053 olim
1605 2017 1732 2054 urbem

360 2063 734 2113 extitisseAnglanatn
763 2065 1187 2109 nomine31mecauctoris
1214 2068 1404 2104 affirmatio
1432 2068 1517 2103 satis
1542 2067 1658 2104 audax
1680 2070 1735 2104 vi—

365 2110 472 2148 detur
492 2140 502 2156 ,
529 2127 610 2150 cum
641 2114 689 2150 ibi
719 2116 861 2153 nonnisi
889 2129 1018 2165 paucas
1044 2116 1293 2154 aedificiorum
1320 2119 1443 2155 ruinas
1470 2129 1580 2166 reperi
1604 2130 1733 2165 amus,

371 2174 466 2209 quae
493 2162 591 2200 haud
622 2166 720 2201 urhis
747 2167 978 2203 existentiam
1008 2169 1158 2217 probare
1185 2176 1343 2218 possunt
1366 2183 1376 2205 a
1404 2179 1468 2203 nec
1504 2167 1666 2205 eiusdem
1693 2181 1735 2205 ex

367 2213 436 2247 situ
465 2214 502 2248 in
531 2214 622 2249 valle
649 2217 734 2252 satis
759 2217 940 2266 profunda
961 2245 971 2262 ‚
1010 2225 1045 2253 et
1073 2219 1191 2265 tristi,
1225 2232 1293 2255 nec
1319 2232 1362 2256 ex
1390 2224 1555 2255 veterum
1582 2218 1734 2269 scripto-

363 2273 442 2297 rum
472 2262 613 2299 silentio
642 2265 761 2315 colligi
790 2267 930 2318 liquido
959 2275 1106 2317 potest,
1134 2268 1203 2305 hoc
1230 2282 1354 2305 verum
1381 2281 1469 2306 esse.

458 2311 516 2363 (3)
544 2314 721 2352 Balneum
749 2318 918 2365 fortasse,
946 2318 1043 2368 quod
1071 2319 1137 2355 sub
1159 2319 1359 2357 colatur-ae
1377 2320 1523 2357 nomine
1541 2319 1728 2364 salutatur,
