1920 2579
1471 120 1543 166 ¹4¹

196 172 498 214 comminutum
535 172 670 228 plures
701 168 743 211 in
782 178 919 227 partes
955 168 1036 212 fuit
1067 176 1294 226 repertum·
1331 167 1422 213 Hoc
1455 186 1559 222 mar:

186 244 277 272 mor
309 232 365 272 sic
395 230 574 286 legitur:

432 341 1359 385 L.C.L.F.MEN.L.LABEON1J

476 395 1253 444 1TER.D.V.1.D.QU1NQ‚

627 446 975 485 MENOMACHUS
1000 473 1010 484 .
1035 449 1066 484 L
1091 475 1105 495 .·.

292 559 404 602 Dum
439 572 534 600 vero
564 558 691 615 magis
722 557 951 601 effossionis
981 559 1095 616 operi
1127 560 1325 601 instarent
1359 560 1439 604 hoc
1487 575 1556 611 eoa,

172 615 267 657 dem
297 634 404 659 anno
439 632 559 674 supra
593 628 823 660 memorato
845 650 856 672 ‚
888 628 1044 676 reperta
1076 618 1155 660 fuit
1185 618 1262 661 alia
1295 619 1407 660 urbis
1453 637 1553 680 por-

176 684 217 715 ta
237 707 247 727 ‚
280 693 356 733 qua
390 677 539 718 Nolam
571 677 702 720 viator
734 675 902 727 adibat,
938 692 1065 734 prope
1113 693 1240 734 qnam
1281 678 1384 733 lapis
1435 681 1550 725 Oscis

173 732 474 776 characteribus
505 751 604 776 cum
633 734 748 776 Isidis
779 734 909 791 figura
941 749 1067 791 supra
1099 736 1275 792 tophum
1307 736 1458 781 efficta.
1479 742 1550 782 La-

171 790 233 846 pis
264 792 329 834 hic
360 794 413 835 ita
445 793 696 851 insculptus,
731 794 915 852 quamvis
946 792 1146 836 elementa
1177 794 1258 835 sint
1277 795 1394 851 plane
1409 796 1549 840 Osca:

633 909 663 944 C
692 935 700 943 .
730 908 940 945 POPIDIIS
972 938 980 945 .
1011 910 1041 944 C
1072 937 1081 944 .

481 956 587 994 MED
618 985 627 994 .
658 957 760 994 TUC
789 984 798 993 .
826 956 1231 994 AAMANAPHPHED

572 1008 706 1045 JSIDY
736 1034 745 1043 .
771 1007 1112 1045 PRUPHATTED
1141 1035 1152 1044 .

174 1112 244 1164 qui
261 1110 316 1152 sic
335 1122 464 1153 sonat:
483 1115 526 1155 C.
543 1112 743 1170 Popz'dius.
765 1116 808 1155 C.
823 1114 956 1154 Filius.
975 1109 1276 1154 Medituxticus.
1299 1117 1482 1160 restituit.
1500 1131 1554 1166 et.

170 1171 322 1212 dicavit.
339 1172 446 1215 Isidi.
467 1171 645 1214 Videtur
663 1172 774 1213 hunc
797 1171 1021 1229 Popidium
1041 1172 1363 1216 Medituxticum
1383 1176 1556 1235 Pompe.

167 1227 309 1271 §anum
326 1230 448 1271 fuisse
482 1230 658 1272 eundem
680 1231 816 1283 illum,
833 1230 906 1287 qui
936 1229 1036 1271 Isidi
1058 1231 1257 1288 templum
1276 1243 1389 1274 motu
1424 1245 1555 1280 terrae

161 1286 402 1344 conlapsum
436 1289 626 1331 restituit.
659 1292 820 1333 Vtrum
851 1299 990 1330 autem
1022 1303 1069 1331 ea
1099 1290 1309 1346 inscriptio
1357 1291 1409 1334 ad
1442 1294 1553 1339 idem

162 1346 366 1403 templum
389 1350 608 1406 pertineat,
629 1364 678 1389 an
702 1348 752 1389 ad
768 1348 946 1405 aliquam
964 1348 1189 1391 aediculam
1209 1350 1325 1391 divae
1358 1351 1550 1409 dicatam,

167 1404 380 1447 incertum.
430 1409 540 1456 Haec
573 1407 690 1448 Isidis
735 1406 867 1463 figura
916 1422 1012 1448 cum
1053 1407 1317 1463 inscriptione
1369 1411 1550 1455 indicare

161 1462 283 1503 etiam
318 1465 479 1506 videtur
500 1497 513 1515 ‚
545 1465 691 1508 urbem
722 1465 820 1507 deae
853 1465 1030 1506 dicatam
1055 1498 1067 1516 ,
1099 1481 1194 1507 cum
1229 1482 1357 1524 prope
1380 1481 1545 1525 portam

162 1520 242 1561 fuit
275 1535 464 1579 reperta3
498 1525 736 1581 Pompeiani
769 1524 879 1565 enim
910 1539 1026 1566 suam
1058 1524 1203 1566 urbem
1253 1527 1328 1566 snb
1361 1529 1543 1573 eiusdem

167 1581 292 1621 tutela
328 1594 576 1638 posuerant,
611 1584 676 1624 cui
708 1583 831 1623 etiam
865 1582 1065 1639 templum
1099 1595 1323 1628 erexerant.
1365 1589 1441 1628 Hic
1473 1604 1542 1629 ve-

159 1653 206 1679 ro
238 1641 433 1697 Popidius
481 1641 648 1683 fortasse
668 1657 748 1692 sua
782 1642 961 1695 impensa
996 1643 1156 1683 moenia
1205 1653 1448 1689 terraemotu
1481 1647 1536 1688 la·

158 1693 359 1739 besactata
393 1698 693 1741 raedificaverat
713 1732 724 1753 ‚
757 1716 862 1757 quae
891 1701 1029 1743 adhuc
1060 1702 1101 1741 in
1134 1714 1176 1742 ea
1223 1713 1337 1757 parte
1383 1716 1538 1747 restau-

164 1765 248 1796 rata
285 1755 482 1798 videntur.
517 1757 691 1799 Certum
722 1773 818 1800 vero
848 1770 939 1811 est,
973 1759 1286 1814 inscriptionem
1319 1777 1414 1803 cum
1462 1764 1536 1804 Isi-

163 1812 224 1853 dis
274 1813 403 1869 figura
453 1830 578 1870 prope
625 1827 786 1871 portam
816 1816 1017 1857 detectam
1050 1817 1183 1858 fuisse.
1215 1818 1345 1861 Miror
1393 1831 1531 1865 autem

159 1873 331 1914 maxime
353 1905 368 1924 ,
404 1875 508 1916 hanc
543 1874 851 1929 inscriptionem
881 1875 996 1916 Oscis
1028 1874 1333 1918 characteribus
1384 1879 1536 1920 inscul-

156 1940 269 1985 ptam
299 1947 395 1974 cum
428 1932 587 1974 duabus
615 1932 700 1974 aliis
721 1964 733 1983 ,
764 1934 932 1990 aliisque
964 1935 1088 1975 etiam
1118 1934 1158 1974 in
1192 1946 1405 1991 posterum
1452 1938 1536 1980 for-

157 1999 260 2031 tasse
291 1991 571 2048 reperiundis:
606 2007 654 2033 ex
686 1991 748 2033 his
793 1993 1020 2034 luculenter
1073 1991 1266 2043 videtur,
1316 1996 1531 2053 Pompeia—

156 2062 230 2089 nos
261 2063 308 2090 eo
341 2060 523 2107 tempore
553 2050 688 2092 adhuc
734 2049 840 2092 Osce
869 2050 1060 2093 locutos:
1097 2067 1192 2092 nam
1225 2053 1335 2109 plebs
1382 2053 1528 2098 fortas·

155 2121 196 2146 se
227 2108 348 2149 etiam
379 2109 488 2151 Osco
521 2109 710 2151 utebatur
742 2108 934 2160 idiomate
953 2142 967 2162 ,
1005 2126 1099 2152 cum
1132 2112 1236 2152 cives
1256 2113 1414 2155 nonnisi
1437 2116 1527 2157 Ro-

154 2180 273 2206 mane
302 2166 599 2224 loquerentur;
630 2169 728 2210 hinc
758 2168 953 2224 Popidius
987 2170 1059 2211 iste
1092 2169 1271 2225 lapidem
1292 2172 1407 2213 Oscis
1425 2174 1522 2214 cha-

155 2224 375 2268 racteribus
405 2226 458 2268 ad
497 2228 623 2286 plebis
664 2236 845 2269 erexerat
884 2227 1202 2284 intelligentiam.
1254 2229 1518 2275 Crediderim

152 2290 252 2326 tunc
297 2284 501 2331 Oscorum
533 2287 715 2345 linguam
749 2285 850 2329 nihil
881 2286 993 2330 aliud
1025 2287 1180 2342 fuisse,
1218 2303 1342 2346 qnam
1373 2304 1513 2337 corruis
