1920 2579
357 103 413 145 60

361 177 456 203 neca
489 161 557 204 lib.
588 163 699 208 VItI.
733 164 846 222 epist.
879 163 951 206 LI.
984 164 1088 206 hanc
1120 166 1171 208 ita
1205 166 1426 210 describit.-
1466 168 1544 210 llli
1557 183 1726 227 quoque

359 221 420 261 ad
448 237 557 278 qnos
587 226 756 278 primos
784 226 974 275 fortuna
1006 225 1194 267 Romam·
1230 228 1385 282 populi
1397 228 1597 281 publicas
1617 243 1724 283 opes

360 281 606 333 transtulit,
648 282 695 322 C.
732 282 939 333 Marius,
973 292 1015 323 et
1054 282 1130 323 Cn.
1177 285 1443 339 Pompeius,
1494 293 1535 326 et
1566 285 1735 326 Caesar

355 347 667 380 exstruxerunt
700 344 743 381 in
778 345 957 397 regione
993 340 1198 394 Baiana,
1246 343 1324 383 sed
1363 344 1462 384 illas
1512 343 1727 397 imposne-

355 405 451 436 runt
485 397 664 438 summis
701 399 812 454 iugis
842 398 1057 440 montium.
1106 400 1271 454 Aspice
1305 416 1436 457 qnam
1471 406 1731 455 positionem

356 455 606 510 elegerunt,
638 458 782 513 quibus
819 457 1022 512 aedfiCia
1057 463 1360 500 excitaverunt
1404 460 1510 501 locis
1532 489 1544 508 ,
1582 459 1732 518 qualia

356 518 469 555 scias
504 527 592 553 non
630 515 764 555 villas
801 529 903 556 esse
925 548 936 567 ,
974 517 1050 556 sed
1087 525 1257 557 castra·
1433 559 1435 561 ,

128 571 199 599 ἮΗῡ
228 571 374 598 ΗΟΝΕΠΞΝ·
492 570 622 626 Super
652 573 732 615 hoc
762 572 877 616 litore
907 573 986 614 suit
1030 573 1150 613 etiam
1200 574 1406 616 Hortensii
1451 573 1542 617 villa
1562 603 1574 623 ,
1623 574 1739 626 cuius

377 630 622 671 mentionem
659 631 750 672 facit
781 635 916 673 Varro
945 631 992 672 R.
1024 629 1073 670 R.
1103 631 1173 672 lib.
1205 632 1276 672 III.
1309 647 1345 675 e.
1386 646 1433 686 17
1467 633 1544 672 hoc
1578 628 1702 672 modo
1728 649 1737 673 ;

369 688 554 744 Quintus
592 690 854 730 Hortensius
874 688 1118 742 familiaris
1136 699 1284 731 noster
1312 704 1411 731 cum
1439 695 1637 745 piscinas
1655 690 1733 730 Ῐια-

355 747 474 786 beret
514 761 677 803 magna
704 748 897 801 pecnnia
928 747 1186 800 aedificatas
1221 747 1282 789 acl
1321 749 1489 790 Baulos
1509 781 1524 800 ,
1562 748 1619 787 ita
1640 762 1741 788 sae-

346 819 407 859 pe
436 819 531 845 cum
573 820 624 846 eo
665 805 726 846 acl
758 807 911 846 villam
931 806 1035 858 fni,
1073 814 1117 846 nt
1154 805 1278 847 illam
1307 808 1440 848 sciam
1471 819 1648 859 semper
1681 806 1725 845 in

355 877 543 903 coenam
575 869 723 918 pisces
762 864 971 904 Puteolos
1005 863 1170 905 mittere
1209 874 1396 919 emptum
1428 864 1619 906 solitam:
1658 877 1735 903 ne·

358 935 439 978 que
474 927 574 963 satis
607 931 722 971 erat,
767 937 865 962 eum
897 936 982 963 non
1015 922 1148 976 pasci
1176 923 1390 976 piscinis,
1430 922 1520 964 nisi
1556 935 1633 961 eos
1667 925 1732 975 ip·

356 994 405 1021 se
438 990 643 1036 posceret
686 980 826 1020 ultro:
864 995 918 1021 ac
957 985 1168 1021 maiorem
1206 996 1359 1022 curam
1394 983 1473 1023 sibi
1522 979 1734 1031 haberet,

358 1053 411 1077 ne
445 1039 536 1079 eius
567 1038 778 1082 esurirent
812 1040 961 1089 multi,
995 1053 1126 1095 qnam
1145 1053 1226 1095 ego
1260 1040 1408 1081 habeo.
1432 1039 1579 1080 Cicero
1611 1036 1734 1079 etiam

356 1096 486 1151 ipsam
520 1098 921 1145 memorat¹QuaesL
954 1095 1148 1137 Academ.
1182 1097 1253 1138 lib.
1299 1097 1330 1138 I.
1376 1096 1545 1139 Adhaec
1598 1092 1734 1148 plures

353 1153 455 1209 'aliae
487 1155 651 1201 extitere
682 1152 794 1193 villae
814 1185 829 1205 ,
867 1165 912 1194 ut
944 1153 1010 1195 illa
1043 1153 1169 1208 Sergii
1198 1155 1351 1197 Oratae·
1384 1154 1532 1212 equiu's
1584 1151 1738 1194 Roma-

358 1213 400 1253 ni
429 1229 448 1252 a
485 1213 613 1254 Plinio
647 1223 867 1253 memorata
899 1212 1006 1257 Hist.
1039 1215 1185 1257 Natur.
1217 1213 1285 1255 lib.
1320 1214 1396 1257 IX.
1448 1228 1482 1254 c.
1534 1211 1619 1262 543
1670 1209 1738 1254 illa

356 1270 604 1321 L..Csassi,
637 1270 713 1310 alia
746 1272 794 1313 C.
825 1271 976 1323 Hirtii,
1029 1273 1146 1312 cuius
1193 1273 1441 1314 mentionem
1490 1270 1586 1312 facit
1625 1267 1737 1312 idem

356 1340 497 1370 auctor
529 1329 681 1370 ibidem
701 1360 716 1380 ,
751 1344 856 1385 quae
887 1329 978 1370 villa
1010 1330 1176 1371 celebris
1208 1332 1330 1372 evasit
1373 1330 1428 1372 ob
1469 1341 1741 1370 murenarum

355 1387 536 1428 vivaria:
571 1388 645 1428 alia
678 1386 845 1428 Catonis
881 1388 1079 1429 Vticensis
1101 1415 1113 1437 ,-
1146 1401 1183 1430 et
1229 1389 1454 1430 Domitiani
1507 1386 1738 1443 Imperato-v

356 1447 439 1495 ris,
472 1446 522 1487 de
555 1462 636 1502 qua
668 1445 855 1487 laudatus
886 1446 1041 1487 Plinius
1072 1447 1142 1487 lib.
1176 1447 1226 1489 V.
1257 1462 1293 1490 c,
1325 1448 1352 1498 4
1383 1456 1421 1487 et
1443 1444 1642 1486 Martialis
1661 1440 1739 1485 lib.

357 1504 407 1545 V.
444 1504 582 1561 Epigr.
618 1513 675 1556 4,
714 1504 778 1545 illa
813 1505 967 1545 Pisonis
989 1536 1001 1554 ‚
1033 1504 1084 1546 de
1115 1521 1194 1561 qua
1224 1506 1389 1546 Tacitus
1423 1503 1497 1547 lib.
1545 1502 1643 1543 XV·
1699 1515 1736 1544 c·

355 1565 408 1613 48
443 1566 497 1603 sie
530 1562 679 1603 tradit:
734 1563 1054 1604 Conz'zcrationis
1107 1573 1251 1604 tam-en
1308 1572 1422 1603 metu
1470 1559 1738 1614 proditionis

350 1621 563 1673 placitam
602 1631 822 1662 maturare
856 1622 1038 1662 caedem
1073 1621 1194 1676 apud
1244 1621 1383 1661 Baias
1422 1619 1587 1661 Caesar
1636 1629 1739 1656 cre-

357 1679 429 1719 br'o
469 1681 704 1720 ventitabat
726 1710 738 1727 ,
773 1680 1042 1736 balneasqua
1059 1709 1075 1729 ,
1119 1687 1160 1718 et
1183 1679 1334 1733 epulas
1371 1678 1503 1719 inibat
1522 1706 1535 1725 ,
1558 1673 1739 1728 omissis

358 1737 590 1787 excubiis,
635 1747 675 1778 et
697 1739 911 1788 fortunae
945 1752 1053 1778 suae
1093 1737 1219 1778 mole.
1253 1738 1384 1792 Super
1436 1737 1632 1776 Baiarum
1703 1731 1749 1774 li-

357 1804 421 1835 tus
452 1794 528 1835 fuit
559 1795 680 1836 etiam
713 1795 917 1835 Domitiae
949 1795 1126 1836 Neronis
1157 1796 1304 1836 amitae
1333 1793 1443 1845 villa,
1467 1793 1584 1843 cuius
1616 1790 1749 1834 etiam

358 1853 543 1893 meminit
578 1852 685 1894 idem
717 1853 941 1895 Annalium
975 1853 1148 1909 scriptor
1178 1853 1245 1894 lib.
1297 1852 1416 1894 XIII.
1470 1867 1504 1892 c.
1553 1863 1600 1891 21
1659 1849 1745 1890 hoc

359 1911 511 1952 modo:
548 1910 680 1952 Nunc
706 1927 790 1965 pet·
816 1911 1098 1952 concubinum
1132 1911 1387 1964 Atimetum,
1424 1919 1465 1952 et
1485 1908 1736 1950 histrionem

358 1969 601 2019 Paridem,
636 1971 764 2026 qnasi
794 1983 955 2010 scenae
977 1971 1164 2020 fabulas
1210 1969 1471 2023 componit„
1518 1967 1730 2008 Baiarum

369 2042 544 2071 suarum
575 2029 770 2081 piscinas
794 2029 1074 2080 excolebat,
1104 2043 1203 2069 cnm
1232 2033 1334 2070 meis
1388 2026 1582 2078 consiliis
1633 2021 1739 2064 ado-

365 2091 453 2138 ptio
473 2117 487 2134 ,
536 2095 595 2134 et¹
606 2086 919 2137 proconsulare
952 2088 1019 2127 ius
1037 2117 1053 2136 ,
1090 2096 1140 2139 et
1174 2086 1416 2143 designatio
1464 2081 1740 2126 consulatus.

371 2144 565 2199 Aliaeque
599 2143 722 2188 fuere(
747 2145 862 2193 villae
895 2144 958 2193 vad
1006 2143 1211 2186 Romanos
1262 2145 1415 2201 equites
1459 2140 1707 2198 pertinentes
1734 2156 1749 2191 ς
1781 2178 1787 2186 χ

370 2217 473 2256 quae
505 2201 650 2256 passim
683 2217 802 2258 super
833 2201 1031 2244 Baianum
1062 2202 1333 2258 adsurgebant
1363 2201 1485 2252 litus,
1520 2210 1558 2239 et
1606 2199 1645 2239 in
1703 2213 1750 2239 ea

373 2260 683 2303 vicinitate.'Ex
715 2260 864 2316 qpibus
893 2261 1085 2304 omnibus
1119 2262 1198 2305 huc
1230 2275 1358 2318 usque
1401 2258 1636 2302 memoratis
1680 2270 1743 2298 sa-
