1961 2574
382 128 423 157 vt

373 171 552 228 populi,
590 179 695 212 totus
732 170 875 214 oriens
894 203 907 222 ‚
940 182 981 214 ec
1013 170 1172 225 Africa
1205 173 1302 229 ipsa
1343 174 1640 216 Romanorum
1661 176 1752 229 fuit

380 230 426 270 in
456 230 706 272 servitutem
743 229 922 273 redacta

499 288 618 329 Prae
651 289 806 329 ceteris
837 290 1032 348 gentihus
1061 289 1405 332 adnumerantur
1450 293 1642 343 Graeci,
1677 297 1753 352 qui

378 346 682 388 Romanorum
728 346 840 388 adeo
890 350 1129 390 eoecoluere
1166 350 1418 406 ingenium,
1474 362 1517 390 ut
1556 352 1609 391 ab
1647 355 1753 407 ipsis

380 406 595 463 ingenuae
644 414 760 446 artes
807 413 851 448 in
888 417 1106 464 agrestem.
1160 408 1334 448 Latium
1376 408 1538 448 inlatae
1562 410 1748 459 fuerint.

382 465 604 519 Campani
625 473 804 519 praeter
839 481 990 506 omnes
1027 468 1140 508 altos
1168 467 1495 521 praeclariores
1535 482 1646 522 prae
1686 483 1756 509 ce-

381 527 482 563 teris
518 523 677 563 vicinis
709 525 886 579 populis
932 525 1247 566 existimantur.
1279 523 1363 565 ·Ea
1388 540 1497 583 gens
1547 529 1752 580 profecto

380 581 443 622 ad
470 582 716 622 maximam
751 592 902 624 evecta
919 585 1074 635 ficerat
1113 589 1408 634 maiestatem,
1442 592 1483 624 et
1532 585 1753 625 celeberri-

382 655 480 683 mas
509 655 593 695 per
625 655 679 681 ea
712 650 909 696 tempora
940 644 1065 682 urbes
1092 642 1354 695 possidebat.
1403 641 1520 697 Quid
1537 641 1680 684 (licam
1701 642 1753 683 de

375 700 625 755 praeclaris
660 700 832 740 illorum
865 700 1040 753 opidis,
1078 701 1198 754 apud
1229 715 1341 756 quae
1357 701 1552 741 Romani
1580 700 1754 741 immen-

379 774 452 799 sos
489 757 788 810 expenderunt
821 760 1053 812 sumptus?
1085 758 1346 798 Earundem
1380 755 1551 807 urbium
1585 773 1668 797 non
1691 773 1759 798 so-

380 817 470 856 lum
502 829 694 864 nomen,
728 830 884 855 verum
921 816 1051 854 etiam
1085 823 1364 856 monumenta
1401 829 1536 873 usque
1576 815 1638 856 ad
1667 830 1750 856 nos

373 886 634 930 pervenere.

501 931 583 971 Tot
621 931 748 971 urbes
785 938 873 970 tam
909 930 1100 970 celebres
1130 933 1174 970 in
1208 939 1293 971 toto
1336 929 1538 970 Romano
1576 933 1758 986 imperio

372 995 546 1046 penitus
589 989 793 1044 periere,
826 996 866 1027 et
899 993 980 1029 vix
1015 988 1075 1028 ad
1098 998 1302 1042 posteros
1335 989 1509 1028 illorum
1554 992 1760 1044 pervenit

379 1049 606 1090 memoria.
640 1047 748 1088 Iure
764 1048 915 1088 merito
949 1048 1224 1087 celebrantur
1244 1047 1474 1087 Corinthus
1495 1077 1507 1095 ‚
1540 1048 1758 1097 Athenae,

376 1108 692 1150 Lacedaemon
718 1141 731 1159 ‚
771 1115 914 1161 totque
931 1106 1048 1147 aliae
1070 1104 1289 1145 Graeciae
1308 1105 1434 1144 urbes
1456 1135 1466 1156 ‚
1501 1114 1541 1144 et
1555 1104 1757 1161 AEgypti,

377 1178 422 1208 at
459 1167 636 1206 ubinam
660 1160 882 1219 florentes
901 1196 913 1214 ‚
957 1172 1088 1221 atque
1120 1164 1287 1204 nobiles
1317 1177 1397 1203 eae
1417 1164 1543 1203 urbes
1557 1164 1731 1214 fuerint
1749 1196 1762 1214 ‚

377 1226 501 1266 nulla
532 1224 593 1265 ad
614 1232 819 1279 posteros
850 1223 1056 1278 pervenit
1089 1222 1315 1262 memoria.
1368 1223 1637 1275 Campaniae
1670 1232 1762 1263 tan-

378 1295 465 1326 tum
502 1285 630 1324 urbes
652 1314 664 1334 ,
687 1282 752 1324 uti
779 1297 893 1338 prae
924 1282 1079 1322 ceteris
1111 1281 1308 1332 Puteoli,
1350 1280 1513 1321 Cumae
1534 1311 1545 1333 ,
1586 1279 1762 1336 Neapo-

378 1345 463 1398 Iis,
507 1342 684 1397 Capua,
716 1351 756 1382 et
788 1345 1046 1396 praesertim
1080 1340 1409 1380 Herculaneum
1430 1369 1441 1390 ,
1477 1347 1518 1380 et
1563 1340 1763 1394 Pompeii

378 1417 594 1459 quaenam
625 1400 817 1458 pretiosa
853 1409 1006 1441 servat
1024 1401 1066 1440 in
1082 1399 1435 1454 praesentiarum
1456 1400 1763 1439 monumenta?

519 1461 590 1501 De
623 1460 751 1501 tantis
784 1459 955 1501 interim
996 1460 1183 1516 antiquis
1212 1458 1349 1511 opidis
1392 1470 1484 1498 cum
1531 1458 1653 1497 nulla
1691 1472 1765 1498 su-

396 1520 535 1577 persit
567 1519 775 1558 memoria
789 1550 804 1569 ‚
843 1518 1085 1574 Campania
1109 1532 1325 1573 perquam
1347 1518 1493 1567 ferax·
1513 1516 1556 1556 in
1574 1515 1762 1572 antiquis

386 1589 452 1621 est
499 1577 806 1618 monumentis.
852 1576 1071 1632 Quantum
1112 1576 1207 1630 ipsa
1246 1577 1412 1616 clarior
1459 1589 1556 1614 esse
1601 1573 1762 1613 debet!

392 1636 680 1678 Gaudeamus
717 1635 844 1691 igitur
861 1665 875 1686 ,
917 1644 1045 1691 atque
1081 1648 1264 1674 evemus
1282 1664 1296 1684 ,
1324 1647 1423 1674 cum
1445 1646 1552 1673 unus
1569 1632 1638 1672 lu'c
1650 1645 1763 1686 prae

391 1696 547 1737 ceteris
582 1705 796 1735 terrarum
832 1693 943 1734 orbis
975 1694 1161 1749 angulus
1196 1693 1524 1734 abarbarorum
1546 1691 1762 1743 manibus,

392 1765 432 1795 et
480 1764 720 1809 temporum
766 1751 954 1793 colluvie
1001 1751 1177 1792 cladem
1231 1751 1441 1807 affigeris.
1489 1748 1585 1789 [Vos
1637 1748 1765 1804 igitur

398 1827 673 1871 quocumque
710 1812 859 1853 oculos
888 1810 1096 1851 vertimus
1119 1843 1131 1860 ‚
1164 1814 1383 1851 maiorum
1419 1815 1666 1848 nostrorum
1684 1820 1760 1847 ve-

399 1873 552 1927 stigia,
599 1880 636 1913 et
675 1868 836 1909 rudera
871 1876 1156 1921 aspectamus.
1180 1868 1289 1908 Dici
1314 1875 1460 1923 potest
1473 1867 1611 1906 solam
1641 1868 1765 1906 Cam·

393 1931 576 1985 panium
614 1942 728 1968 nunc
762 1928 969 1982 temporis
1002 1928 1194 1984 integras
1234 1926 1363 1985 quasi
1385 1923 1650 1981 antiquitatis
1693 1930 1759 1963 re-

397 1989 553 2045 liquias
607 2001 839 2028 servasse:
875 2001 976 2026 nam
1029 2000 1142 2039 prae
1182 1989 1336 2027 ceteris
1373 1998 1434 2043 ex
1493 1982 1643 2038 quibus
1692 1995 1760 2022 re-

395 2057 523 2100 stant,
545 2047 746 2101 Pompeii
763 2076 775 2095 ‚
797 2055 836 2087 et
865 2046 1195 2087 Ifercut‘aneum
1215 2045 1340 2085 urbes
1357 2041 1567 2097 'integrae
1588 2039 1650 2080 acl
1684 2053 1760 2080 nos

388 2120 647 2159 pervenere.
684 2105 848 2145 Nostra
904 2104 1175 2158 Campaniae
1213 2102 1358 2159 regio,
1396 2108 1539 2155 utpote
1567 2098 1762 2139 aRoma-

396 2166 463 2205 nis
495 2165 596 2219 plus
635 2165 735 2205 aliis
774 2163 932 2204 dilecta
953 2194 964 2212 ,
1002 2172 1191 2217 sumptus
1215 2172 1519 2216 permagnos,
1543 2165 1670 2214 atque
1691 2171 1755 2197 ar·

393 2234 477 2264 tem
513 2225 556 2263 in
592 2221 870 2276 aedfficanclo
889 2223 1154 2275 praesetulit.
1192 2221 1316 2262 [snus
1335 2218 1545 2260 Lucullus
1566 2216 1761 2256 omnium

391 2284 684 2327 Romanorum
721 2281 954 2335 ditissimus
993 2282 1187 2338 ingentes
1226 2278 1378 2320 domos
1401 2308 1413 2328 ‚
1447 2276 1663 2333 villasque
1683 2277 1759 2317 huc
