1920 2579
321 125 340 151 α

319 117 450 221 ῃέέεεῑ
473 197 486 217 ,
518 180 663 222 nempe
714 174 784 207 aut
833 163 1063 215 Passionis,
1113 175 1184 205 ant
1216 164 1455 220 sepulturae
1497 163 1604 207 diem
1641 176 1689 207 ut

319 225 602 282 intelligamus.
638 223 849 265 Laudatus
883 222 1118 264 Mazoehius
1150 224 1237 263 loco
1269 223 1334 263 eit.
1368 221 1455 262 fuse
1484 222 1589 264 hanc
1631 224 1694 265 di·-

319 284 464 339 squirit
496 298 594 324 rem.
627 283 722 322 Dies
761 291 897 321 autem
937 281 1085 322 isthaec
1135 280 1321 329 Natalis,
1369 289 1440 318 aut
1486 282 1690 323 Passionis

318 341 365 383 ab
403 356 508 382 anno
541 339 807 394 MCCLXVI
846 353 868 378 a
910 354 1046 381 mense
1077 338 1304 395 Septembri
1337 337 1492 377 traslata
1526 339 1604 379 fuit
1635 341 1688 382 a‘d

316 414 493 440 mensem
529 398 681 438 Maium
707 429 722 447 ,
763 407 808 439 ut
840 396 985 453 legitur
1017 398 1058 439 in
1090 398 1256 452 antiquo
1288 393 1518 452 Diplomate
1565 399 1687 440 Sum-

315 458 373 498 mi
416 456 623 498 Pontificis
653 455 873 498 Clementis
906 456 973 496 IV.
1006 456 1045 496 in
1079 470 1161 511 quo
1195 458 1297 496 iuter
1337 453 1411 493 alia
1462 453 1634 496 habetur
1666 488 1683 508 ,

317 516 460 556 festum
495 516 608 556 idem
649 515 770 555 fuisse
806 515 1045 556 translatum
1080 513 1132 554 ad
1165 528 1340 554 mensem
1375 513 1532 553 Maium
1553 544 1568 563 ,
1604 529 1688 569 quo

318 573 681 615 vindemiatoribus
711 571 977 613 commodum
1011 572 1203 622 daretur,
1235 572 1304 627 qui
1342 572 1567 611 autumnali
1591 582 1690 613 tem-

315 646 415 687 pore
447 636 641 673 Sanctum
674 630 898 687 Martyrem
934 629 1105 672 invisere
1135 629 1244 669 haud
1278 631 1484 684 poterant.>
1512 633 1569 670 At
1606 644 1690 670 cre·

317 689 490 731 diderim
541 690 618 730 hoc
664 690 812 730 festum
868 687 980 730 XIII.
1015 688 1104 728 Kal.
1140 687 1289 728 octob.
1321 686 1518 728 Passionis
1563 687 1687 742 ipsius

315 748 555 790 ⁴translatum
597 748 648 788 ad
687 746 844 788 Maium
885 760 1066 786 mensem
1099 759 1243 801 parum
1285 744 1538 799 perdurasse,
1566 759 1691 801 quan-

314 806 543 863 doquidem
581 805 849 862 Neapolitana
885 803 1064 845 Ecclesia
1098 818 1255 858 semper
1286 804 1363 844 hoc
1398 800 1547 843 festum
1577 817 1690 843 men·

317 880 358 906 se
388 863 617 920 Septembri
658 863 801 904 coluit.
836 862 1092 904 Adveniente
1124 861 1218 902 inde
1250 861 1360 903 Maio
1398 858 1689 901 Translationis

314 923 463 964 festum
503 922 721 964 celebrasse
755 931 913 962 constat
944 920 999 962 ob
1034 921 1169 961 Sancti
1201 919 1394 977 Martyris
1412 929 1560 973 corpus
1578 929 1688 959 tran-

314 980 461 1022 slatum
494 982 702 1023 Marciano
733 979 949 1035 Neapolim
981 980 1023 1020 in
1068 977 1292 1020 Ecclesiam
1337 977 1468 1018 eidem
1513 976 1688 1018 dicatam

314 1049 640 1081 extramuranam
662 1070 676 1090 ,
720 1048 842 1093 atque
873 1038 913 1077 in
946 1047 1105 1079 vetusto
1143 1036 1395 1077 Coemeterio
1412 1033 1684 1077 aedifi-catam.

434 1098 519 1137 Iam
552 1096 726 1139 diximus
768 1095 918 1137 festum
974 1096 1054 1136 hoc
1101 1109 1123 1134 a
1157 1093 1376 1135 maioribus
1415 1092 1536 1133 fuisse
1591 1091 1688 1134 cele-

316 1154 483 1195 bratum
515 1170 651 1195 mense
683 1153 791 1194 Maio
817 1168 826 1193 :
866 1163 907 1192 at
939 1151 1150 1197 sciendum
1184 1152 1292 1192 idem
1326 1149 1578 1205 temporibus
1625 1165 1690 1191 an-

314 1212 438 1269 tiquis
472 1227 608 1253 mense
647 1210 813 1266 Aprili,
846 1210 906 1251 uti
937 1209 1084 1265 legitur
1116 1210 1155 1249 in
1194 1209 1365 1264 antiquo
1395 1207 1689 1262 Neapolitanae

317 1271 516 1315 Ecclesiae
550 1267 797 1310 Kalendario
829 1268 909 1308 hoc
941 1267 1067 1309 modo*
1096 1267 1327 1321 signatum:
1371 1265 1479 1306 XIII.
1528 1267 1688 1321 Aprilis·

322 1328 562 1369 Translalio
599 1327 724 1367 Beati
752 1326 966 1367 Ianuarii.
999 1325 1047 1365 In
1081 1339 1131 1365 eo
1168 1338 1263 1365 vero
1296 1325 1398 1364 festo
1421 1321 1686 1376 colligebatur

313 1385 494 1441 populus
528 1400 623 1425 cum
656 1383 806 1436 Clero,
844 1382 1107 1433 Abbatibus'‚
1156 1391 1195 1423 et
1226 1380 1441 1437 Episcopis
1490 1381 1687 1436 suffraga-

312 1444 406 1483 neis
426 1474 437 1495 ‚
469 1443 539 1499 qui
571 1441 742 1485 floribus
776 1451 897 1498 capnt
929 1441 1140 1493 redimiti,
1184 1454 1298 1482 sacro
1330 1438 1499 1481 solemni
1551 1439 1690 1480 adesse

315 1511 417 1542 tunc
451 1501 665 1543 debebant.
698 1500 817 1542 Ritus
850 1500 916 1541 hic
953 1499 1170 1555 inscriptus
1203 1497 1402 1554 reperitur
1451 1498 1491 1537 in
1545 1497 1692 1539 Archi·

316 1559 509 1615 praesulis
560 1558 716 1601 Orsinii
763 1557 916 1600 Rituali
964 1559 1044 1599 iam
1075 1557 1125 1600 ab
1155 1568 1266 1598 anno
1312 1555 1686 1606 MCCCXXXVII.

318 1618 426 1659 hisce
458 1617 614 1659 verbis:
648 1615 726 1658 Ad
757 1616 919 1659 dictam
951 1616 1140 1658 Missam
1172 1620 1324 1657 venire
1355 1624 1551 1657 tenentur
1596 1613 1685 1655 Ar-

315 1676 614 1731 clnpresbyter
650 1675 920 1725 Calviczani,
956 1674 1204 1732 Afragolae
1224 1706 1235 1726 ‚
1271 1683 1312 1715 ec
1333 1675 1455 1725 for-is
1482 1674 1685 1728 fluminis

315 1747 412 1775 enm
463 1733 636 1775 clericis
683 1734 774 1775 sais
793 1764 806 1783 ,
853 1747 953 1774 cum
987 1734 1163 1774 coronis
1199 1730 1366 1784 roseis,
1402 1742 1443 1773 et
1497 1732 1684 1772 aliorum

313 1962 464 1993 mortem
491 1955 598 1992 xm.
627 1955 709 1992 Kal,
738 1955 821 1991 Oct.
850 1955 1042 1998 referunt,
1071 1959 1207 2002 praeter
1235 1952 1351 1998 illud,
1379 1952 1482 2001 quod
1508 1952 1557 1989 D.
1598 1951 1687 1988 Hie-

313 2018 466 2055 ronymo
495 2005 679 2042 tribuitur.
705 2004 917 2042 Mazochius
943 2016 1046 2040 num.
1078 2002 1128 2053 ‘59
1156 2014 1275 2038 mense
1301 2003 1416 2051 Aprili
1442 2002 1539 2039 hunc
1575 2003 1685 2039 refert

315 2056 410 2092 diem
433 2067 443 2088 .·
472 2056 582 2091 Diem
608 2056 792 2092 Passionis
818 2054 862 2092 S.
893 2054 1090 2096 Ianuarii,
1115 2060 1151 2089 et
1177 2052 1374 2090 Sociorum
1400 2066 1473 2090 non
1517 2054 1554 2089 in
1592 2064 1689 2088 men-

317 2118 392 2140 sem
420 2104 695 2155 Septembrem,
722 2104 789 2141 sed
815 2105 979 2154 Aprilem
1005 2103 1171 2140 incidisse
1193 2116 1202 2138 :
1228 2103 1384 2153 proinde
1409 2103 1486 2139 diei
1512 2102 1614 2138 XIX
1622 2101 1689 2151 fe-

317 2163 409 2190 :clam
435 2155 657 2203 Septembris
682 2157 757 2192 alio
779 2157 979 2205 pertinere.
1009 2153 1196 2190 Laudatus
1221 2154 1306 2190 hinc
1331 2159 1454 2189 auctor
1464 2165 1568 2192 exeo
1586 2153 1686 2202 quod

318 2205 488 2254 scriptum
534 2207 666 2257 reperit
700 2206 852 2246 Natalis
878 2207 915 2243 'm
942 2216 1065 2243 mense
1094 2204 1239 2255 Aprili,
1264 2210 1299 2240 et
1323 2213 1398 2240 'non
1423 2203 1575 2249 Passio,
1618 2203 1686 2240 hoe

315 2267 424 2293 omne
451 2266 582 2307 arguit.
