1920 2579
564 245 936 304 CAPUT
1008 246 1122 298 VII.

156 382 434 424 Describuntur
471 386 602 423 variae
632 382 743 422 urbes
764 409 776 428 ,
806 381 866 419 uti
903 376 1052 419 Suessa
1081 375 1294 429 Pometia,
1336 374 1528 426 Ulubrae,

203 439 348 480 Suessa
387 443 663 482 Auruncorum
686 474 700 493 ,
740 437 967 490 Sinuessa,
1005 436 1088 477 Rus
1122 438 1353 486 Petrinum,
1399 434 1529 488 Trifa-

199 514 289 539 num
310 527 322 547 ,
360 497 419 538 via
456 498 696 539 Domitiana
735 495 922 538 Suessula
946 525 954 542 ‚
975 495 1135 551 eiusque
1149 498 1309 548 fatum3
1335 493 1424 535 hinc
1442 491 1529 532 Ar-

197 560 400 610 gentium,
437 555 483 598 S.
524 557 694 612 Agatha
732 556 949 595 Gothorum
965 585 975 605 ‚
1009 562 1049 595 et
1075 554 1326 596 Vulturnum
1353 551 1529 607 opidum.

198 614 263 655 Fit
285 618 429 657 mentio
453 617 610 657 tandem
629 614 680 656 de
688 613 815 670 fluvio
837 611 992 654 Savone
1010 643 1019 665 ‚
1038 613 1165 670 deque
1183 609 1364 653 Massico
1382 621 1527 653 monle.

265 731 411 772 Plures
449 729 570 771 urbes
600 729 676 770 sub
710 730 875 769 Suessae
910 727 1078 768 nomine
1111 726 1332 784 appellatas
1370 741 1417 768 ex
1458 739 1532 769 an*

150 787 275 841 tiquis
310 787 661 843 historiographis,
678 797 719 827 et
751 785 984 841 geographis
1015 796 1275 840 compertum
1291 784 1490 825 habemus
1515 798 1526 834 ς

146 858 323 901 quarum
355 860 444 886 vera
483 845 650 886 historia
682 843 783 884 adeo
815 843 990 884 difficilis
1011 873 1022 893 ‚
1056 851 1095 881 et
1123 841 1296 883 obscura
1348 850 1406 881 est
1432 870 1445 890 ,
1482 848 1528 879 ut

142 900 332 955 permille
369 901 420 942 de
454 902 640 956 ipsismet
670 900 825 941 fabulas
846 898 1089 939 tradiderint
1107 909 1307 940 auctores.
1328 900 1525 953 Quapro-

143 967 236 1012 pter
266 971 339 997 nos
372 973 468 1012 apes
503 957 627 999 veluti
647 967 935 1012 argumentosa
957 986 969 1005 .,
1003 969 1105 1012 quae
1134 969 1183 995 ex
1205 955 1422 996 arboribus
1443 968 1532 994 suc-

142 1028 238 1055 cum
271 1016 445 1071 percipit
477 1030 631 1071 purum
651 1046 665 1064 ‚
709 1013 881 1054 obscura
912 1026 1098 1069 quaeque
1134 1014 1427 1068 relinquentes,
1463 1010 1529 1049 hi-

145 1071 315 1113 storiam
339 1104 354 1124 ,
394 1085 432 1114 et
464 1073 715 1128 scriptorum
733 1071 991 1113 auctoritates
1008 1084 1122 1113 veras
1140 1086 1187 1112 ex
1207 1069 1389 1126 singulis,
1421 1083 1527 1125 quae

149 1129 201 1171 ad
237 1139 420 1172 nostram
456 1131 613 1172 faciunt
643 1145 765 1181 rem,
802 1129 1107 1186 depromemus.

265 1189 450 1231 Primum
483 1189 674 1231 omnium
705 1189 886 1229 occurrit
921 1186 1052 1238 urbs,
1104 1200 1209 1243 quae
1243 1187 1320 1228 sub
1353 1187 1520 1228 Suessae

143 1245 351 1288 Pometiae
383 1247 551 1289 nomine
583 1262 706 1304 super
740 1247 846 1288 viam
878 1245 1073 1287 Latinam
1109 1244 1232 1286 venit.
1265 1245 1454 1287 Cluerius
1487 1246 1524 1286 I-

142 1304 208 1344 tal.
241 1313 327 1347 ant.
347 1304 415 1347 lib.
449 1306 520 1347 ΙΙΙ.
543 1320 577 1346 c.
597 1305 639 1347 8.
676 1303 994 1346 Halicarnassaei
1024 1303 1282 1358 auctoritate,
1317 1304 1389 1361 qui
1421 1303 1527 1346 hanc

145 1360 292 1403 urbem
323 1364 468 1407 eodem
503 1362 670 1406 nomine
702 1364 910 1420 appellat,
940 1363 1115 1419 populos
1150 1363 1416 1416 Pometinos‚
1453 1379 1524 1405 seu

146 1420 390 1476 Pomptinos
430 1438 477 1464 ex
508 1422 584 1462 hac
615 1421 817 1464 derivasse
855 1422 1000 1477 arguit.
1033 1420 1171 1463 Hosce
1219 1435 1318 1462 vero
1349 1422 1524 1478 populos

143 1492 230 1519 eam
264 1477 411 1521 urbem
444 1478 663 1521 incoluisse
700 1489 839 1535 aperte
870 1478 1050 1520 declarat
1079 1478 1225 1520 citatus
1274 1479 1528 1521 Halicarnas-

143 1549 271 1579 saeus.
305 1537 343 1578 A
373 1537 573 1580 Strabone
624 1536 694 1578 lib.
733 1537 786 1578 V.
821 1536 970 1593 Geogr.
1003 1537 1136 1592 ipsam
1176 1535 1322 1578 urbem
1360 1537 1526 1579 Volsco-

144 1608 241 1634 rum
276 1595 504 1653 principem
547 1595 670 1636 fuisse
708 1593 953 1637 affirmatur.
989 1595 1210 1639 Patavinus
1226 1605 1369 1636 auctor
1403 1595 1473 1637 lib.
1493 1596 1525 1636 I.

143 1669 177 1692 c.
210 1664 266 1693 20
300 1652 343 1695 id
373 1665 467 1697 ante
500 1652 778 1697 confirmarat.
813 1654 868 1694 Et
899 1668 943 1695 re
972 1667 1068 1695 sane
1101 1668 1193 1695 vera
1225 1654 1340 1694 istius
1372 1655 1472 1696 situs
1503 1669 1526 1694 a

146 1708 310 1752 Cluerio
345 1713 516 1767 ponitur
552 1712 594 1751 in
626 1711 734 1753 Latii
771 1711 923 1752 finibus
951 1711 1043 1754 loco
1073 1721 1168 1754 ante
1187 1711 1326 1764 citat03
1358 1712 1456 1753 hinc
1473 1712 1528 1754 ita

153 1764 332 1806 indicat:
363 1769 490 1810 Patet
518 1770 640 1823 igitur
674 1785 725 1810 ex
752 1770 811 1809 his
843 1773 969 1825 ipsam
1006 1770 1228 1812 Pometiam
1267 1772 1372 1810 haud
1389 1772 1531 1826 procul

149 1823 263 1866 Latii
285 1825 435 1881 finibus
475 1831 619 1876 sitam,
659 1828 820 1868 ‘scilicet
845 1843 967 1882 prope
1007 1826 1150 1868 Cosam
1172 1857 1183 1878 ,
1234 1836 1354 1882 atque
1407 1828 1459 1870 V
1454 1829 1526 1869 eli-

146 1892 234 1924 tras
266 1914 274 1922 .
310 1914 318 1922 .
356 1915 365 1924 .
399 1915 409 1925 .
444 1893 528 1926 tota
568 1884 644 1924 ista
673 1885 890 1940 planities,
927 1900 1027 1939 quae
1050 1884 1225 1934 Velitris,
1248 1888 1392 1935 Cosae,
1411 1884 1524 1928 Nor-

145 1943 218 1980 hae
236 1971 248 1990 ,
278 1940 461 1985 Sulmoni
478 1973 489 1994 ‚
526 1942 660 1982 Setiae
681 1976 694 1995 ,
732 1951 851 1998 atque
890 1941 1078 1984 Priverno
1115 1943 1291 1986 subiacet
1309 1975 1321 1994 ,
1345 1946 1399 1985 ad
1430 1948 1522 1986 Ter-

144 1999 318 2041 racinam
355 2017 476 2056 usque
503 2016 582 2056 qua
614 2002 827 2057 Pomptina
858 2002 979 2056 palus
995 2014 1081 2044 erat
1103 2033 1116 2051 ‚
1153 2018 1311 2059 campus
1331 2003 1407 2044 sive
1423 2019 1526 2058 ager

147 2061 374 2112 Pomptinus
403 2061 628 2115 appellatus
645 2061 749 2115 fult.
789 2058 1025 2100 Sanfelicius
1056 2060 1117 2101 De
1153 2061 1298 2117 Camp.
1333 2076 1421 2117 pag.
1459 2064 1514 2104 26

145 2115 308 2156 tandem
341 2117 420 2158 hoc
447 2117 619 2173 opidum
655 2117 852 2159 corruisse
892 2116 1030 2158 scribit
1063 2129 1233 2175 propter
1264 2119 1432 2176 paludes
1451 2120 1516 2177 ip-

144 2189 204 2214 sas
236 2174 505 2230 Pomptinas,
541 2191 562 2216 a
594 2175 741 2232 quibus
776 2176 854 2217 fuit
885 2175 1088 2231 absorpta.
1133 2181 1229 2221 Non
1267 2193 1414 2233 parum
1468 2178 1519 2220 ab

149 2233 220 2274 hac
259 2231 357 2273 urbe
403 2233 525 2281 fuisse
557 2234 769 2287 Ulubras,
811 2244 850 2275 et
891 2236 1056 2294 proprie
1090 2236 1193 2277 circa
1238 2236 1444 2288 Velitras,
1483 2247 1523 2281 et

270 2289 415 2335 111.
1158 2308 1185 2347 7

1541 1182 1634 1206 Suessa
1673 1179 1763 1204 Pom*

1541 1216 1762 1251 tia,e1Vlv.brae.
