1920 2579
541 172 544 173 γ
1468 118 1551 168 2'79

300 174 471 217 Sedente
502 187 597 214 vero
629 171 774 214 eodem
807 170 915 214 Divo
958 171 1113 213 Ioanne
1144 169 1175 214 I.
1212 170 1280 226 (1)
1316 167 1565 210 huiuscemo-

185 231 305 274 minis
338 232 601 288 Neapolitana
637 231 675 272 in
709 228 883 276 Ecclesia
908 260 919 278 ,
957 229 1059 270 facta
1091 239 1149 270 est
1180 231 1312 286 prima
1339 226 1378 266 S.
1417 227 1564 268 Ianua-

186 292 235 332 rii
268 291 447 346 corporis
480 290 708 332 ‘translatio
741 288 948 330 Marciano
982 287 1197 344 Neapolim
1222 319 1234 337 ‚
1267 297 1305 328 et
1351 287 1559 341 sepultum

187 360 245 390 est
277 363 426 404 corpus
460 348 500 388 in
533 347 705 388 Ecclesia
755 357 1038 388 extramurana
1078 348 1119 387 in
1153 343 1438 396 Coemeterio,
1490 344 1560 385 ubi

181 408 288 449 idem
324 408 544 462 Episcopus
577 406 763 446 decentet·
796 406 876 445 suis
911 404 1100 460 deposuit
1135 404 1338 452 manibus,
1367 403 1424 442 uti
1463 417 1556 444 nat·-⁵

187 477 247 506 rat
295 465 462 506 loannes
512 464 713 505 Diaconus
764 463 802 503 in
854 464 936 503 vita
966 463 1146 504 eiusdem
1188 463 1321 517 Episc.
1375 459 1438 500 En
1473 461 1556 501 eius

188 523 337 565 verba:
371 524 458 564 Hic
489 523 649 564 scilicet
686 526 871 563 Ioannes
904 530 1047 561 tantae
1092 519 1348 563 sanctitatis
1399 520 1554 572 plenus

176 583 267 632 ficit
311 591 354 621 ut
385 612 575 623 .....
607 586 650 622 ia
689 595 737 621 eo
768 580 986 629 oratorio,
1032 580 1265 620 ubi‘manu
1297 592 1376 619 sua
1401 577 1557 618 dicitur·

190 640 436 680 condidisse
463 640 752 680 beatissimum
783 642 1023 692 Marlyrem
1060 637 1325 679 Ianuarium
1358 650 1386 675 a
1427 635 1554 676 Mar-

189 704 313 739 ciano
350 699 588 750 sublatum,
622 705 662 737 et
696 698 788 751 ipse
814 706 941 751 parce
972 695 1156 737 dextera
1187 698 1389 736 humatus
1434 698 1553 750 quie·

188 762 260 797 vit.
292 756 376 796 Nos
408 756 568 796 interim
600 756 641 795 in
675 756 788 796 Actis
821 754 1027 795 Vaticanis
1059 769 1080 792 a
1113 755 1175 797 Cl.
1212 753 1430 795 Mazochio
1463 751 1556 793 alla-

188 815 238 855 tis
269 815 435 868 legimus
456 845 471 865 ,
513 814 621 854 hunc
654 828 783 855 unum
811 828 856 853 ex
888 810 1165 867 Neapolitanis
1199 812 1411 866 Episcopis
1456 810 1558 851 fuis-

188 889 228 914 se
250 904 261 924 ,
293 874 362 928 qui
396 874 434 912 S·
467 876 693 929 Martyrem
725 871 942 926 Neapolim
974 870 1191 912 transtulit.
1235 871 1414 924 Quinam
1459 882 1557 910 vero

186 931 310 972 fuerit
342 930 408 969 hic
448 930 672 987 Episcopus
694 961 706 981 ,
739 945 785 970 ex
817 930 929 971 Actis
961 928 1070 970 haud
1102 937 1289 978 constat3
1323 943 1372 970 en
1406 926 1552 967 verba:

166 988 349 1029 'Postea
383 1002 481 1030 vero
513 992 652 1046 quieto
687 989 776 1029 iam
826 996 1020 1041 tempore
1061 988 1318 1029 venerabilis
1365 985 1554 1040 Episco-

185 1053 270 1099 pus
304 1061 391 1086 una
424 1061 522 1087 cum
549 1044 678 1101 plebe
715 1046 806 1087 Dei
836 1054 991 1087 sancta
1025 1060 1125 1086 cum
1169 1046 1344 1100 hymnis
1367 1075 1380 1094 ‚
1401 1053 1442 1084 et
1461 1045 1558 1083 lau·v

190 1104 311 1144 dibus
344 1105 537 1145 tollentes
569 1105 692 1144 iuxta
731 1103 962 1157 Neapolim.
1009 1105 1351 1153 transtulerunt,
1387 1110 1428 1142 et
1469 1115 1552 1154 po-

191 1170 366 1202 suerunt
395 1163 437 1201 in
475 1161 702 1209 Basilica,
735 1158 809 1200 uhi
838 1174 954 1199 nunc
983 1161 1225 1216 requiescit.

301 1219 346 1258 In
377 1221 564 1260 Romano
596 1227 730 1258 autem
764 1217 968 1258 Breviario
1005 1217 1042 1257 S.
1077 1219 1273 1259 Severum
1303 1217 1427 1258 fuisse
1466 1216 1558 1271 legi-

185 1291 305 1325 mus,
358 1277 427 1332 qui
473 1276 511 1316 S.
563 1275 755 1332 Martyris
803 1276 956 1331 lipsana
1002 1275 1219 1332 Neapolim
1267 1277 1551 1332 adsportavit:

188 1334 352 1374 Multas
383 1333 580 1388 Neapoli
606 1338 847 1375 construxit
875 1334 1087 1374 Basilicas
1105 1365 1120 1384 ,
1173 1335 1380 1392 illamque
1420 1348 1552 1388 prae-

190 1392 312 1445 cipue
344 1400 471 1432 eoeira
519 1391 691 1430 moenia
727 1391 784 1431 D.
808 1392 1006 1432 Ianuario
1035 1405 1211 1432 sacram
1232 1420 1246 1440 ⁹
1270 1393 1311 1432 in
1344 1407 1429 1448 qua
1458 1405 1555 1431 cor·-

180 1462 266 1502 pus
293 1449 427 1503 ipsius
457 1448 689 1489 beatissimi
716 1448 971 1500 PraesuHs,
1004 1457 1044 1488 et
1081 1448 1294 1504 Martyris
1330 1464 1390 1489 ex
1439 1454 1555 1490 Mar·

191 1506 321 1546 ciano
354 1507 577 1547 traslatum
603 1511 794 1561 propriis
826 1507 1016 1548 condidit
1047 1510 1257 1549 manibus.
1297 1507 1464 1548 Adhaec
1513 1508 1555 1547 in

186 1565 285 1605 festo
313 1564 601 1604 Translationis
630 1563 812 1605 eiusdem
848 1564 1066 1607 Dominica
1105 1567 1237 1622 prima
1269 1568 1417 1607 mensis
1438 1565 1553 1618 Maii,

185 1623 282 1664 haec
323 1624 397 1662 alia
429 1622 596 1676 legimus
641 1637 742 1678 quae
775 1634 1003 1679 sequuntur
1053 1624 1209 1666 verba:
1243 1625 1403 1666 Postea
1452 1638 1551 1665 vero

178 1694 293 1733 pace
327 1680 563 1721 Ecclesiae
596 1681 764 1722 reddita
799 1681 843 1722 S.
878 1682 1073 1723 Severus
1089 1682 1320 1734 aedificata
1336 1682 1423 1723 iam
1450 1696 1552 1736 pro-

179 1753 237 1791 pe
275 1740 503 1792 Neapolim
536 1739 580 1780 S.
611 1740 805 1780 Ianuarii
822 1740 1017 1780 Basilica
1036 1771 1047 1792 ,
1079 1743 1413 1781 sacratissimum
1431 1741 1554 1780 lilar-

181 1803 286 1851 ⁴tyris
318 1811 471 1851 corpus
502 1812 599 1838 cum
633 1812 795 1854 magna
825 1796 1112 1854 Neapolitani
1148 1799 1267 1842 Cleri
1284 1833 1297 1853 ,
1313 1799 1548 1855 populique

185 1958 338 1969 -—-—--—

283 2055 338 2102 (ι)
373 2055 610 2104 Hieronymus
650 2070 668 2091 a
696 2055 736 2091 S.
765 2056 865 2091 Anna
892 2054 956 2092 lib.
984 2056 1001 2092 Ι
1026 2068 1055 2091 c.
1085 2055 1129 2091 13
1151 2082 1163 2100 ‚
1193 2050 1283 2092 Vita
1308 2053 1349 2089 cli
1371 2054 1415 2090 S.
1454 2053 1548 2091 Gen-

178 2116 288 2149 uam,
319 2117 388 2140 non
416 2105 522 2141 fuisse
549 2104 647 2141 hunc
673 2107 711 2142 S.
739 2106 910 2142 Ioannem
940 2108 968 2143 Ι.
997 2107 1078 2150 ait,
1106 2106 1171 2155 qui
1198 2105 1239 2142 S.
1269 2105 1427 2142 Ianuarii
1471 2118 1550 2141 cor·

178 2168 246 2204 pus
272 2156 481 2198 transtulit,
507 2155 569 2191 sed
595 2156 636 2193 Sa
664 2157 851 2192 Severum.
878 2157 1056 2201 Quamvis
1084 2169 1166 2192 vero
1193 2156 1272 2204 ipse
1285 2155 1415 2193 validis
1443 2167 1546 2204 argu-

178 2206 306 2240 mentis
331 2204 400 2242 hoc
425 2206 553 2255 probat
575 2233 584 2248 ‚
613 2213 735 2243 tamen
777 2206 867 2243 nihil
904 2208 1057 2256 asserit,
1087 2219 1170 2245 cum
1207 2206 1350 2244 Ioannis
1395 2206 1548 2242 Diaconi

182 2256 372 2292 auctoritas
397 2256 442 2293 sit
467 2257 552 2293 satis
579 2255 684 2295 claras
