1920 2579
309 123 505 166 Vetustae
536 118 701 164 Abellae
733 118 894 175 ve‘stigia
924 120 1036 163 haud
1069 120 1185 176 longe
1217 137 1236 162 a
1273 135 1376 162 nova
1398 119 1562 173 absunt,

192 197 406 227 murorum
426 212 440 232 ,
477 181 735 236 turriumque
785 179 962 234 reliquiis
1015 182 1228 237 perspicua
1276 179 1438 220 XXIV.
1486 179 1567 220 fere

190 241 412 284 stadiorum
446 239 603 280 ambitu
635 239 961 292 circumscripta.
996 238 1205 280 Reinesius
1237 237 1415 293 lapidem
1448 238 1567 277 affert

191 299 317 340 Class.
353 298 403 338 II.
439 312 551 338 num.
588 305 640 349 24
672 314 720 340 ex
752 311 835 351 quo
854 297 1049 352 probatur
1070 328 1081 349 ,
1114 297 1321 353 quendam
1340 294 1568 336 Antistium

191 357 311 399 fuisse
342 355 531 397 Abellani
561 355 776 413 municipii
810 365 1046 411 patronum.
1081 358 1141 396 Ex
1174 354 1251 395 alio
1286 353 1419 410 lapide
1452 368 1473 393 a
1493 353 1565 394 Re-

191 414 405 457 mondinio
438 413 574 463 allato,
593 415 725 456 Storia
757 412 799 454 di
831 413 939 455 Nola
969 413 1037 455 lib.
1072 413 1104 456 I.
1139 428 1172 454 c.
1206 414 1259 466 45
1294 412 1463 454 eandem
1497 410 1571 453 (ΣυΕ

193 474 346 516 Ioniam
375 487 541 529 quoque
574 471 696 515 fuisse
725 471 892 514 dicitur.

311 532 359 573 In
391 531 501 572 urbis
535 531 726 588 antiquae
757 529 894 573 medio
925 530 1105 586 adsurgit
1137 529 1271 571 adhuc
1305 528 1574 585 Amphithea-

198 601 322 633 trum.
355 589 535 631 Huiusce
564 591 704 632 ruinae
730 590 841 631 iuxta
874 589 1051 631 eundem
1082 599 1293 629 auctorem
1328 588 1515 628 visuntur
1533 588 1574 627 in

197 663 244 690 eo
275 647 387 690 urbis
420 647 541 700 loco,
576 649 646 691 ubi
679 649 826 691 dicitur
859 649 901 689 le
928 657 1066 705 grotte
1088 646 1401 689 cl'Antonelloz
1435 660 1577 701 quam-

197 707 257 750 vis
289 707 330 747 in
363 705 446 745 dies
476 705 659 748 eiusdem
694 707 892 748 memoria
926 706 1194 757 obliteratur,
1227 704 1483 744 nihilosecius
1503 704 1578 744 ho-

201 763 369 805 diedum
399 773 580 818 superest
611 764 746 806 adhuc
776 763 901 805 ovalis
932 762 1053 804 huius
1098 762 1400 818 Amphitheatri
1449 759 1579 815 figura

199 822 353 863 circum
386 821 560 870 circiter,
581 833 619 863 et
650 836 793 864 caveae
808 836 899 878 pars
922 831 1155 876 temporum
1189 818 1361 861 colluvie
1389 819 1576 874 oppleta,

203 893 329 933 eaque
361 887 419 917 est
451 878 571 931 pedes
605 880 724 921 CCC.
758 880 798 919 in
831 893 955 932 agro,
1005 880 1081 918 lata
1114 877 1198 918 CC.
1251 878 1292 916 in
1335 877 1483 917 fronte.
1519 876 1580 918 Ex

197 935 376 992 quadam
409 934 627 992 epigraphe
659 936 711 976 ab
747 935 892 977 eodem
926 933 1201 976 Remondinio
1232 933 1331 973 ibid.
1365 934 1482 973 allata
1514 948 1583 974 oc-

199 993 327 1035 currit
357 991 514 1034 mentio
548 994 872 1049 spectaculorum
895 1025 908 1044 ‚
939 1007 1043 1049 quae
1074 993 1117 1033 in
1151 991 1469 1047 Amphitheatro
1492 990 1582 1031 ede-

201 1052 363 1094 bantur.
395 1049 491 1092 Fuit
522 1051 578 1092 ibi
610 1053 732 1094 etiam
765 1051 1018 1105 Theatrum,
1052 1061 1098 1092 ut
1130 1060 1290 1092 constat
1322 1064 1369 1096 ex
1402 1048 1582 1104 quodam

200 1124 404 1152 marmore
435 1123 456 1149 a
488 1108 670 1153 Grutero
701 1111 869 1154 recitato
893 1124 988 1167 pag.
1019 1108 1226 1151 MXCIX.
1261 1122 1375 1150 num.
1408 1120 1448 1148 2.

316 1168 549 1225 Imperante
581 1184 677 1211 vero
711 1170 987 1213 Constantino
1005 1171 1158 1223 Magno
1175 1166 1439 1209 Barbaricum
1463 1169 1585 1209 Pom-

196 1226 392 1284 peianum
427 1226 682 1286 Campaniae
713 1229 1053 1271 Proconsularem
1082 1227 1251 1268 huiusce
1282 1224 1394 1267 urbis
1427 1226 1508 1267 vias
1526 1240 1586 1267 re-

199 1295 399 1328 staurasse
429 1288 708 1345 comperimus
740 1303 787 1330 ex
818 1286 899 1331 alio
931 1300 1136 1330 marmore
1168 1286 1335 1328 recitato
1367 1299 1388 1325 a
1410 1283 1586 1326 Remen-

199 1342 312 1386 dinio
346 1354 447 1386 tom.
482 1346 511 1387 I.
546 1362 580 1389 c.
612 1351 680 1399 43·
714 1347 853 1391 Fuisse
885 1347 1005 1389 etiam
1036 1347 1080 1387 in
1112 1346 1189 1388 hae
1205 1343 1307 1386 urbe
1323 1349 1481 1384 constat
1500 1343 1586 1400 plu-

197 1416 243 1443 ra
276 1401 429 1458 templa
461 1402 537 1445 diis
567 1404 699 1447 dicata
720 1438 733 1457 ,
766 1405 923 1463 aliaque
955 1404 1120 1462 publica
1136 1417 1257 1461 opera
1276 1433 1288 1453 ,
1321 1415 1497 1458 quorum
1517 1417 1586 1442 ru-

199 1460 295 1503 dera
327 1462 394 1506 vix
426 1461 478 1502 ad
510 1478 583 1506 nos
615 1479 847 1520 pervenere.
879 1465 1014 1521 Prope
1046 1473 1160 1504 vetus
1191 1461 1365 1517 opidum
1400 1469 1584 1515 repertus

199 1518 277 1560 suit
310 1520 410 1577 lapis
443 1522 558 1563 Oscis
590 1522 895 1565 characteribus
926 1522 977 1564 ab
1010 1521 1154 1564 eodem
1205 1518 1484 1562 Remondinio
1516 1533 1584 1559 ex-

199 1576 404 1632 plicatus,
437 1580 588 1638 quique
624 1580 852 1623 hodiedum
880 1591 1038 1638 prostat
1071 1581 1113 1621 in
1148 1578 1316 1620 aedibus
1373 1576 1587 1618 Seminarii

200 1635 365 1676 Nolani.
400 1637 545 1681 Abella
575 1639 741 1683 tandem
773 1655 796 1681 a
827 1640 1034 1684 Saracenis
1048 1638 1207 1681 saeculo
1224 1636 1385 1679 decimo
1404 1636 1587 1691 fuitigne

203 1703 460 1750 consumpta.

317 1748 382 1792 Ex
415 1753 556 1794 Abella
587 1769 735 1809 parum
770 1755 910 1797 aberat
940 1754 1049 1797 Nola
1073 1786 1086 1805 ‚
1117 1768 1243 1810 quam
1275 1752 1473 1809 Polybius
1492 1783 1507 1803 ,
1545 1762 1583 1792 et

202 1808 348 1851 Strabo
381 1811 422 1851 in
454 1812 671 1855 Picentinis
691 1845 704 1864 ,
737 1824 775 1855 et
807 1813 948 1857 Livius
980 1814 1022 1853 in
1053 1812 1220 1853 Samnio
1237 1810 1367 1869 ponit.
1391 1811 1495 1851 Sunt
1518 1811 1588 1866 qui

203 1866 312 1909 illam
347 1883 369 1908 a
401 1868 543 1912 Tuscis
575 1870 700 1913 fuisse
718 1871 968 1913 aedificatam
990 1880 1188 1913 asserunt.
1207 1870 1385 1912 lustinus
1405 1869 1473 1910 lib.
1491 1868 1585 1910 XX.

204 1941 237 1966 c.
280 1942 294 1967 1
335 1926 621 1971 Chalcidenses
654 1930 844 1973 sauciasse
877 1929 1042 1988 prodit,
1076 1929 1141 1971 cui
1160 1929 1359 1971 consentit
1379 1927 1497 1968 Silius
1518 1926 1584 1969 hb.

203 1983 313 2027 XIII.
349 1986 527 2029 Velleius
558 1990 792 2031 Paterculus
824 1989 893 2032 lib.
926 1989 957 2031 Ι.
991 2005 1023 2030 c.
1066 2005 1111 2046 17
1145 1989 1249 2029 hanc
1281 1988 1401 2029 etiam
1433 2003 1454 2028 a
1500 1986 1586 2027 Tu·

202 2045 277 2085 scis
310 2045 521 2089 conditam
552 2048 690 2090 scribit
707 2066 726 2100 ,-
759 2049 825 2090 alii
846 2051 1032 2091 Ausones
1054 2047 1243 2089 fundasse
1263 2048 1481 2089 memoriae
1501 2060 1589 2103 pro-

205 2101 380 2155 didere3
414 2121 461 2148 ex
492 2105 556 2147 his
586 2108 815 2164 Stephanus
847 2108 1103 2165 Byzantinus
1134 2106 1204 2147 lib.
1239 2106 1290 2147 de
1321 2106 1470 2149 Vrbib.
1522 2107 1588 2148 En

205 2171 308 2216 quot
340 2162 490 2207 fluctus
521 2165 562 2207 in
594 2168 839 2225 sympuvio!
870 2168 932 2209 Ea
962 2180 1060 2210 vero
1094 2166 1275 2224 primum
1309 2166 1360 2208 ad
1410 2165 1586 2222 Campa-

206 2233 279 2261 nos
312 2223 537 2279 pertinuit,
567 2227 638 2285 qui
670 2228 710 2269 in
744 2227 873 2284 ipsam
894 2225 1095 2278 dominati
1115 2225 1240 2269 fuere.
1257 2224 1474 2283 Temporis
1499 2239 1586 2283 pros

1146 2285 1169 2311 ἐι

1658 1750 1671 1774 r*
1682 1751 1732 1777 0¹32
