1920 2579
1476 129 1552 170 107

164 177 237 234 qui
267 175 481 234 Neapolim
514 172 811 228 condiderant,
845 181 885 214 et
915 171 1092 230 sequiori
1124 185 1221 214 aevo
1254 171 1429 215 Romani
1448 173 1553 217 hanc

162 250 330 292 quoque
358 244 646 291 occuparunt,
677 231 789 291 qnod
822 231 996 289 quidem
1027 246 1075 274 eo
1129 242 1318 289 tempore
1369 234 1549 275 evenisse

163 294 351 336 arbitror.
385 294 432 335 In
464 295 568 334 hanc
602 293 748 335 urbem
780 291 958 334 Romani
1008 290 1223 334 Coloniam
1276 290 1550 335 deduxerunt.

163 352 293 395 Adest
325 353 538 409 inscriptio
560 382 574 403 ,
619 351 688 394 sed
719 351 816 394 haec
850 351 985 409 potius
1014 350 1066 392 ad
1115 351 1320 406 regionem
1369 352 1544 407 pertinet

162 411 507 452 Herculanensem
532 427 545 450 :
576 411 681 453 cives
714 415 824 454 enim
856 426 992 454 eversa
1045 409 1146 453 urbe
1192 411 1233 452 in
1265 411 1543 468 propinquam

161 469 435 526 confugerunt
470 471 684 525 Neapolim
716 483 807 528 post
853 470 1029 525 primam
1074 470 1357 512 Vesuvianam
1396 469 1545 511 confla-

161 528 400 583 grationem·
433 531 496 570 Ex
528 528 606 570 alio
637 531 772 587 lapide
801 546 824 572 a
857 529 1045 571 Reinesio
1079 528 1204 571 Class.
1225 529 1325 571 VII.
1350 544 1464 570 num.
1495 528 1544 569 15

161 587 329 629 recitato
361 587 663 630 Herculaneum
699 589 972 645 Municipium
1003 589 1128 630 fuisse
1159 598 1330 630 constat.
1375 588 1422 629 In
1471 586 1546 627 hac

164 645 333 702 iusuper
366 646 469 686 urbe
500 647 756 702 magistratus
787 648 1124 704 Quinquennales
1145 678 1160 699 ,
1197 647 1442 698 Duumviri,
1465 648 1550 687 De·

162 704 357 758 marchi,
389 705 511 746 saevis
541 704 690 747 officiis
722 709 929 763 Epulones
950 736 961 756 ,
995 717 1035 747 et
1066 706 1286 762 praecipue
1308 705 1553 761 Augustales

164 761 293 814 fuere,
327 765 386 805 uti
420 778 466 804 ex
495 763 573 805 hoc
605 774 715 820 patet
747 777 953 807 marmore
984 779 1006 804 a
1037 767 1209 806 Venuto
1240 764 1384 816 allato,
1418 764 1554 806 Storia

166 818 204 861 d'
224 822 428 865 Ercolano
460 821 563 865 ediz.
602 822 645 864 di
675 823 809 868 Roma
843 823 950 881 1748
986 838 1074 881 pag.
1107 825 1178 865 33-

230 945 289 996 (ι)
348 974 356 982 .
391 972 400 981 .
432 974 441 983 .
472 973 483 982 .
510 972 522 983 .
548 946 584 982 O
611 973 620 982 .
647 947 682 983 D
710 974 723 985 .
751 946 930 983 LOCUM
958 972 968 982 .
996 946 1059 982 AB
1090 975 1099 984 .
1128 946 1387 985 INCHOATO

623 1023 632 1032 .
666 1025 674 1033 .
707 1025 716 1033 .
746 998 820 1033 VM
853 1024 862 1033 .
892 996 1138 1033 TECTORIS

517 1025 907 1085 AU'GUSTAmssus
935 1072 945 1092 ,
971 1048 1152 1086 DATUM
1179 1074 1189 1084 .

263 1264 320 1313 (1)
372 1264 530 1300 Miretur
569 1263 702 1315 aliquis
741 1264 890 1302 fortasse
915 1264 1184 1302 Herculaneum
1228 1265 1328 1315 apud
1373 1266 1553 1306 Graecum

160 1314 309 1365 opidum
352 1314 455 1364 plura
492 1314 631 1351 Latiari
666 1327 833 1352 sermone
861 1315 1009 1354 disiecta
1037 1329 1214 1352 marmora
1242 1317 1352 1353 fuisse
1371 1319 1393 1353 ?
1419 1318 1468 1354 Et
1496 1332 1554 1355 ra-

161 1367 260 1401 tione
287 1365 460 1415 quidem:
489 1363 551 1400 sed
577 1365 700 1402 mirari
725 1365 866 1403 desinet
884 1394 895 1413 ‚
923 1368 953 1402 si
979 1365 1162 1403 advertere
1189 1366 1294 1412 velit,
1314 1367 1405 1404 lianc
1425 1369 1553 1405 urbem

158 1416 336 1452 Graecam
378 1416 421 1452 ab
465 1415 616 1464 antiqua
663 1423 876 1466 tempestate
916 1417 1111 1453 Graiorum
1156 1418 1354 1453 assuevisse
1381 1419 1551 1455 sermoni.

157 1467 275 1503 Mores
303 1465 414 1510 inde,
440 1472 550 1515 atque
577 1478 663 1502 usus
690 1466 913 1504 Graecorum
953 1467 1066 1504 instar
1092 1467 1205 1504 fuere.
1234 1468 1402 1504 Attamen
1440 1477 1475 1505 et
1501 1470 1551 1507 la.

157 1515 259 1566 pides
287 1529 402 1566 nuper
429 1515 607 1553 eruderati
633 1517 838 1555 Latiaribus
864 1517 1124 1555 characteribus
1165 1518 1298 1568 sculpti
1326 1532 1453 1555 omnes
1496 1533 1551 1557 as-

159 1576 344 1603 servantur
366 1595 376 1613 ,
403 1567 433 1603 si
460 1566 656 1604 nonnullos
683 1581 818 1617 paucos
846 1568 999 1618 excipias
1027 1567 1161 1604 Graeco
1190 1569 1361 1605 conflatos
1398 1569 1552 1606 idioma.-

159 1627 207 1653 te.
234 1617 387 1653 Causam
415 1617 564 1667 quide-m
592 1618 765 1654 Romanis
793 1618 1026 1656 tribuendam
1054 1619 1221 1663 arbitror,
1247 1620 1312 1670 qui
1335 1620 1437 1656 iama
1454 1622 1548 1657 mul-

160 1677 198 1702 ιο
240 1677 402 1716 tempore
429 1680 469 1703 ea
511 1669 600 1704 urbe
628 1670 734 1717 potiti
758 1696 769 1713 .,
796 1676 832 1705 et
858 1668 1019 1706 eiusdem
1046 1669 1139 1719 capti
1167 1669 1307 1706 deliciis
1331 1700 1341 1716 ,
1368 1670 1450 1707 heic
1478 1671 1549 1708 fre-

157 1726 310 1766 quentes
338 1717 407 1753 sibi
434 1718 536 1754 villas
562 1725 826 1756 exstruxerunt.
855 1720 951 1756 Hinc
977 1722 1139 1769 putarim
1166 1721 1435 1757 Herculaneum
1457 1736 1546 1770 pau.

158 1767 259 1802 latim
288 1766 512 1803 Hellenismo
540 1767 710 1804 defecisse
732 1795 743 1811 ‚
772 1777 807 1805 et
834 1771 1044 1820 praesertim
1065 1770 1131 1805 sul)
1147 1770 1308 1806 eiusdem
1327 1770 1425 1819 opidi
1444 1785 1543 1809 ever-

155 1818 292 1853 sionem
311 1845 321 1862 ,
349 1830 420 1866 quo
452 1827 610 1867 tempore
637 1817 775 1866 lapides
801 1832 925 1855 omnes
950 1820 1081 1855 Latiari
1109 1819 1259 1868 scalptos
1277 1834 1440 1857 sermone
1455 1822 1545 1858 fuis-

153 1880 189 1903 se
217 1867 424 1914 reperimus.
453 1867 547 1904 Hinc
576 1881 620 1903 ne
649 1869 823 1906 miremur
849 1870 878 1906 si
906 1879 993 1906 tunc
1022 1870 1070 1904 ita
1096 1870 1264 1914 factunm
1295 1871 1393 1922 quod
1411 1879 1444 1907 et
1468 1875 1545 1911 aliis

153 1918 283 1953 vicinis
310 1916 454 1954 Graecis
483 1919 634 1954 urbibus
661 1919 820 1957 evenisse
849 1934 891 1956 ex
917 1919 1062 1956 historia
1091 1929 1316 1970 compertum
1346 1923 1540 1962 habemus.

156 1968 251 2004 Hinc
279 1969 389 2004 etiam
415 1968 526 2018 paulo
555 1968 826 2009 anteTitianam
856 1969 1179 2019 conflagrationem
1207 1972 1306 2008 cives
1334 1975 1429 2022 ipsos
1461 1988 1541 2012 niu-

154 2018 236 2054 tatis
263 2028 387 2067 sponte
414 2033 477 2055 sua
506 2018 733 2056 Graecanicis
762 2021 934 2058 institutis
952 2049 962 2064 ‚
992 2031 1026 2057 et
1055 2020 1129 2070 ipso
1157 2035 1333 2069 sermone,
1351 2026 1535 2063 Latiarem

151 2070 282 2108 sensim
312 2082 419 2105 usum
447 2082 634 2118 usurpasse
661 2072 888 2109 crediderim.
919 2072 1015 2108 Hinc
1042 2071 1131 2120 quid
1161 2074 1325 2120 mirum,
1370 2078 1398 2112 si
1443 2083 1529 2114 tunc

150 2122 269 2171 plures
298 2119 432 2168 lapides
458 2121 598 2156 Latinis
626 2121 890 2160 characteribus
917 2125 1051 2160 fuerint
1079 2125 1229 2172 reperti?
1251 2126 1528 2176 Verumqu.1m-

147 2174 202 2208 vis
229 2171 348 2219 papyri
381 2183 495 2221 usque
523 2172 630 2207 modo
657 2174 816 2211 evolutae
844 2175 1001 2212 Graecae
1029 2174 1099 2210 sint
1127 2180 1140 2220 (
1167 2189 1256 2225 quas
1284 2177 1434 2226 quidem
1464 2192 1532 2228 pii-

146 2224 250 2258 tarim
278 2221 423 2270 scriptas
450 2227 532 2258 ante
559 2222 627 2259 hoc
657 2232 798 2275 teinpus
820 2255 829 2271 ‚
868 2227 911 2262 de
938 2239 1010 2275 quo
1040 2225 1117 2261 heic
1153 2240 1266 2264 serino
1308 2230 1322 2275 )
1370 2236 1528 2265 attamen

148 2275 231 2325 quis
259 2280 385 2323 neget,
413 2272 499 2311 alias
526 2275 562 2311 in
590 2281 769 2325 posterum
799 2276 1010 2317 evolvendos
1037 2277 1176 2315 Latiari
1204 2279 1328 2330 lingua
1352 2309 1361 2328 a
1391 2288 1423 2318 et
1446 2280 1531 2317 Cli-t·-

1087 2331 1109 2355 a:
