1920 2579
288 122 314 151 2
348 122 374 151 2

283 125 375 210 etin·
409 167 452 209 ni
482 164 634 219 fallor,
668 162 838 209 Ioannes
876 166 1085 210 Diacouus
1105 199 1120 220 ,
1153 166 1195 208 S.
1230 167 1467 209 Ianuarium
1500 165 1550 207 ab
1591 183 1662 210 an-

283 225 511 282 tiquissimo
531 235 715 282 tempore
753 223 916 267 cultum
950 224 1072 267 fuisse
1106 227 1325 269 memoriae
1358 224 1558 282 prodidit.
1593 226 1667 268 Fa-

287 282 458 325 tendum
503 283 599 324 hiuc
630 293 719 334 est,
751 282 792 323 S.
827 284 1052 338 Martyrem
1086 298 1133 326 ex
1163 298 1212 325 eo
1247 294 1432 341 tempore
1456 294 1458 297 ’
1481 298 1563 325 non
1602 298 1668 326 so·

285 344 372 382 lum
408 344 448 382 in
496 340 721 397 Campania
765 340 901 392 Felici,
936 357 1078 383 verum
1113 345 1230 384 etiam
1265 342 1504 398 longinquas
1561 342 1673 398 apud

286 399 486 454 regiones,
519 411 558 440 et
589 400 824 453 praesertim
857 400 894 439 in
930 400 1119 443 Africana
1173 400 1349 441 Eccles³a
1408 401 1531 439 fuisse
1583 399 1669 440 cul·

287 468 374 497 tum
401 488 412 505 ,
450 468 494 498 ut
525 457 670 511 legitur
709 458 749 497 in
784 468 945 499 vetusto
976 460 1108 514 quinti
1152 460 1300 500 saeculi
1352 457 1605 500 Kalen-‘lario
1649 474 1670 500 a

288 513 350 555 Cl.
383 513 624 556 Mabillonio
654 513 764 556 edito
787 545 798 567 ‚
832 515 901 556 ubi
934 515 1112 558 eiusdem
1157 517 1304 556 festum
1356 518 1406 557 ita
1453 516 1665 570 signatur:

289 571 427 614 XIII.
459 571 562 614 Kal.
603 571 753 616 Occoh.
793 573 838 613 S.
873 573 1069 616 Ianuarii
1126 576 1338 628 Mar-gyris.
1399 576 1454 621 At
1508 574 1672 620 silentio

288 631 557 687 praeterimus
589 631 607 689 (
642 641 691 672 ne
725 633 765 671 in
796 630 965 686 longum
1006 632 1316 688 progrediamur
1351 631 1365 687 )
1405 632 1445 673 S.
1472 632 1672 687 Hierony·

289 689 348 729 mi
381 688 773 747 Martyrologium,‘
803 690 1018 746 pluresque
1040 690 1139 733 alios
1172 701 1429 748 pervetustos
1478 691 1676 744 Liturgia-

291 762 386 788 rum
419 747 542 788 libros
575 747 844 789 Ecclesiarum
881 749 1121 791 Latinarum
1151 748 1473 801 occidentalium
1495 763 1570 797 ‚ex
1591 749 1676 804 qui.

291 804 370 846 bus
403 806 591 863 profecto
624 805 805 847 eiusdem
836 804 983 848 Cultus
1014 807 1231 864 colligitur.

409 863 476 906 Ad
509 864 585 905 hoc
618 865 739 906 etiam
768 863 1099 908 confirmandum
1132 867 1206 908 alia
1238 866 1289 907 ad
1322 867 1361 907 S.
1385 864 1560 906 Ianuarii
1580 863 1675 905 Cul-

295 931 383 961 tum
418 922 678 978 probandum
711 923 824 964 adest
844 927 1075 968 *auctoritas
1095 956 1105 972 ,
1137 939 1263 981 eaque
1293 940 1339 965 ex
1370 924 1551 979 antiquis
1584 923 1681 962 haii-

294 981 398 1020 ritur
434 981 751 1023 numismatibus
782 981 822 1022 in
861 981 1041 1035 eiusdem
1076 985 1124 1024 B.
1163 984 1357 1041 Martyris
1391 983 1592 1023 honorem
1616 997 1683 1021 ειι-

294 1040 346 1078 sis
372 1054 381 1077 ε
415 1038 542 1095 idque
572 1040 750 1081 evenisse
781 1051 892 1081 extra
924 1041 1189 1083 dubitationis
1226 1043 1354 1082 aleam
1386 1049 1562 1092 constat,
1585 1054 1681 1080 cum

294 1097 505 1137 Vesuvius
537 1099 679 1153 primis
710 1098 913 1140 Ecclesiae
946 1102 1198 1157 temporibus
1233 1099 1443 1141 horrende
1483 1098 1681 1151 flagravit.

294 1155 414 1194 Hanc
460 1154 515 1195 ob
564 1171 650 1197 rem
699 1156 957 1211 Neapolitani
990 1158 1029 1197 S.
1067 1158 1241 1199 Ianuarii
1275 1159 1436 1199 numini
1493 1157 1630 1196 devoti
1665 1187 1679 1204 ,

295 1222 420 1267 atque
451 1213 676 1265 maiestati,
712 1214 787 1254 Dei
823 1215 1140 1257 misericordiam
1190 1230 1261 1270 per
1314 1215 1513 1269 Martyiis
1560 1213 1681 1252 inter-

293 1269 515 1313 cessionem
550 1273 850 1325 impetrarunt‚
897 1284 1019 1327 atque
1053 1276 1103 1314 ita
1136 1272 1296 1314 liberati
1333 1273 1452 1314 fuere.
1504 1271 1562 1311 Ea
1602 1272 1683 1311 Ve-

295 1329 460 1368 suviana
495 1329 761 1383 conflagratio
792 1329 938 1370 accidit
972 1346 1080 1373 anno
1103 1331 1399 1372 DCLXXXV.
1438 1328 1514 1369 sub
1553 1329 1686 1370 Theo-

294 1387 397 1427 crito
428 1386 698 1442 Neapolitano
736 1390 877 1438 Duce,
919 1403 1044 1446 eaque
1077 1389 1211 1431 evenit
1246 1389 1264 1446 (
1299 1391 1356 1429 uti
1390 1399 1530 1429 narrat
1579 1387 1684 1427 Pau-

293 1446 355 1484 lus
393 1445 596 1486 Diaconus
632 1446 646 1500 )
692 1462 826 1488 mense
858 1447 1008 1487 Martio
1039 1447 1220 1490 eiusdem
1271 1449 1379 1489 anni.
1419 1447 1477 1486 De
1520 1445 1687 1487 Numis-

298 1503 476 1545 matibus
516 1504 663 1546 videsis
696 1505 758 1549 Cl.
794 1505 1073 1548 Muratorium
1106 1507 1273 1549 Dissert.
1307 1506 1447 1547 XVII.

414 1564 635 1619 Postquam
661 1563 835 1605 breviter
853 1563 903 1606 de
922 1565 1090 1621 periodo
1109 1565 1255 1606 Cultus
1288 1564 1329 1605 S.
1364 1563 1547 1605 Ianuarii
1568 1562 1688 1604 verba

298 1620 488 1673 fecimus,
509 1622 830 1678 gratumlectori
863 1625 956 1673 erit,
981 1625 1008 1666 si
1043 1624 1127 1664 dies
1144 1622 1523 1678 adiungemus,-qui
1557 1622 1690 1663 eidem

299 1684 533 1723 erantsacri.
553 1680 731 1723 Ecclesia
762 1681 987 1723 Christiana
1008 1698 1165 1736 semper
1189 1683 1228 1722 in
1262 1681 1334 1722 SS.
1358 1683 1589 1738 Martyrum
1614 1681 1686 1720 ho-

299 1754 442 1780 norem
466 1738 663 1793 triumphi
682 1740 789 1780 diem
821 1740 1037 1781 celebravit
1068 1741 1144 1781 sub
1178 1741 1278 1781 Diei
1295 1740 1467 1781 Natalis
1499 1739 1675 1780 nomine.

302 1797 515 1853 Appellata
549 1808 687 1838 autem
727 1799 803 1839 suit
824 1814 949 1855 usque
982 1814 1002 1839 a
1037 1800 1175 1853 primis
1208 1799 1533 1842 Christianorum
1584 1808 1687 1836 tem-

300 1856 469 1914 poribus
501 1858 607 1898 Dies
640 1855 846 1907 Natalis,
899 1859 960 1899 vel
1011 1858 1272 1898 Sanctorum
1316 1855 1573 1897 Naialc‘cium
1619 1852 1685 1898 illa

303 1916 388 1957 dies
408 1946 422 1965 ‚
456 1915 496 1956 in
530 1931 611 1973 qua
643 1916 696 1961 ab
730 1916 810 1959 hoc
840 1915 1001 1956 saeculo
1032 1916 1082 1957 ad
1111 1916 1229 1957 aliam
1280 1915 1405 1958 vitam
1466 1913 1692 1955 transibant

303 1974 387 2027 illi,
419 1975 490 2031 qui
523 1985 592 2015 aut
628 1984 761 2023 sancte
784 2006 798 2026 ,
829 1974 889 2015 vel
922 1974 1103 2030 religiose
1135 1976 1345 2024 vixissent,
1406 1983 1475 2014 aut
1511 1988 1584 2014 suo
1603 1987 1691 2013 san-

304 2034 424 2088 guine
459 2032 610 2077 Christi
644 2031 772 2075 fidem
812 2044 943 2074 esseut
987 2033 1194 2083 confessi3
1244 2043 1283 2072 et
1345 2033 1443 2089 quia
1481 2030 1691 2072 coelorum

303 2107 430 2146 regno
468 2091 735 2133 nascebantur
757 2121 784 2142 ,.
802 2092 895 2132 hinc
930 2092 997 2133 ille
1029 2093 1112 2133 dies
1132 2107 1272 2133 eorum
1304 2094 1444 2131 mortis
1469 2095 1574 2130 Dies
1596 2087 1690 2128 Να-

303 2152 401 2191 talis
432 2150 509 2191 fuit
545 2160 725 2193 vocatus.
766 2153 828 2190 De
858 2150 930 2190 hac
964 2165 1062 2191 voce
1093 2152 1224 2205 plures
1260 2151 1417 2204 antiqui
1474 2146 1689 2189 Ecclesiae-

301 2213 439 2249 Patres
478 2219 567 2250 tnm
601 2209 781 2258 Graeci,
840 2220 930 2249 tum
965 2209 1098 2249 Latini
1139 2210 1384 2248 mentionem
1420 2206 1586 2247 faciunt.
1609 2207 1693 2246 Eu-

306 2267 440 2309 sebius
480 2269 583 2310 Hist.
621 2267 776 2310 Eccles.
792 2264 863 2308 lib.
895 2267 973 2311 IV.
1006 2283 1040 2309 c·
1074 2268 1110 2309 5.
1132 2267 1183 2308 de
1197 2267 1237 2311 S.
1260 2267 1487 2323 P0¹ycarpo
1543 2277 1696 2309 sermo<
