1920 2579
398 121 477 170 18‘4
573 162 577 165 ,

385 176 636 218 celeberrimi
673 190 743 229 per
789 182 926 215 secuta
975 172 1120 214 deinde
1152 183 1334 228 tempora
1356 183 1507 216 easmet
1555 183 1774 214 tenuerunt

391 236 581 291 regiones
605 266 617 284 ,
651 233 748 273 dum
781 247 900 288 saepe
932 248 1028 274 cum
1058 231 1227 273 Graecis
1262 231 1301 271 in
1335 232 1456 274 Italia
1507 231 1658 273 bellum
1693 247 1777 288 ges-

394 303 547 335 serunt.
598 291 890 333 Grimoaldum
939 291 1159 332 Beneventi
1191 290 1351 331 Ducem
1401 306 1499 333 cum
1548 290 1773 335 Constante

396 351 562 392 orientis
597 353 846 404 lmperatore
878 363 1077 406 pugnasse
1114 347 1220 403 (qui
1253 357 1343 388 tum
1377 347 1416 389 in
1467 347 1626 390 Italiam
1677 366 1773 391 cum

397 411 525 451 classe
559 407 777 451 advenerat
826 407 1049 449 fortissima
1071 436 1083 456 ,
1134 414 1173 446 et
1224 408 1507 448 Beneventum
1560 407 1772 450 obsidione

396 467 578 509 cinxerat
611 467 626 522 )
660 481 838 522 eumque
871 464 920 505 ad
970 463 1289 505 internecionem
1346 464 1548 521 redegisse
1603 476 1771 508 constat.

396 524 613 580 Temporis
646 540 861 580 progressu
895 522 960 564 alii
992 523 1174 562 Ducatus
1224 522 1347 562 erecti
1397 524 1507 564 fuere
1529 554 1539 573 ,
1589 527 1773 580 quamvis

398 584 589 625 minores.
625 583 878 624 Memoratur
908 580 1238 636 NeapolitanuS,
1276 579 1345 634 qni
1377 581 1497 626 nrbes
1540 582 1675 636 plures
1708 584 1775 624 ha-

397 642 549 690 bebat,
581 656 728 695 nempe
761 640 1009 689 Liternum,
1044 638 1225 685 Cumas,
1258 636 1466 680 Misenum
1487 670 1498 690 ,
1549 642 1739 681 Puteolos
1762 672 1774 690 ,

398 699 553 742 Stabiae
586 714 680 740 curn
715 697 857 740 insulis
879 695 1171 740 adiacentibus.
1190 695 1435 738 Surrentum
1468 696 1562 738 urbs
1595 698 1774 739 etiamin

399 757 595 799 ducatum
631 770 826 798 conversa
859 756 946 797 fuit.
982 754 1220 797 Formianus
1252 768 1349 796 vero
1384 756 1564 796 Ducatus
1592 757 1774 798 Formias

399 816 507 871 ipsas
538 814 800 871 possidebat,
834 815 1012 871 aliasque
1052 812 1204 855 vicinas
1238 811 1370 854 urbes.
1393 813 1676 856 memorantur
1705 815 1773 856 alii

400 874 616 921 Damius,
649 874 883 930 Campanus
920 885 1067 927 nempe
1087 905 1101 924 ,
1132 870 1351 913 Caietinus
1371 902 1383 920 ‚
1420 871 1584 929 aliique.

516 931 714 973 XXXlX.
738 932 846 972 Dum
877 932 977 972 haec
1001 937 1216 985 geruntur,
1236 936 1279 968 et
1309 927 1407 971 dum
1427 930 1541 971 Italia
1564 946 1609 970 eo
1641 929 1771 972 fuerat

403 989 592 1040 redacta,
633 988 813 1038 accidit,
844 998 889 1030 ut
918 987 1084 1043 Bulgari
1120 985 1250 1040 (gens
1281 986 1436 1029 isthaec
1471 988 1618 1030 Euxini
1651 990 1774 1029 maris

405 1048 655 1104 propinquas
687 1047 894 1088 incolebat
922 1044 1140 1100 regiones)
1161 1045 1235 1085 sub
1270 1045 1444 1087 Alczeco
1478 1048 1593 1088 Duce
1618 1047 1663 1086 vin
1698 1047 1776 1086 Ita-

407 1107 507 1150 liam
539 1105 778 1146 advenirent
810 1120 916 1146 anno
948 1103 1150 1144 DCLXX.
1183 1105 1241 1143 Ea
1275 1103 1379 1145 olim
1402 1119 1501 1160 gens
1520 1106 1681 1161 vigente
1698 1105 1775 1144 Ro-

405 1178 626 1208 manorum
658 1162 820 1204 fortuna
859 1162 1083 1203 identidem
1115 1159 1300 1214 Illyricas
1322 1161 1454 1203 fuerat
1475 1165 1666 1220 populata
1685 1177 1772 1217 pro-

406 1223 577 1265 vincias.
611 1223 672 1262 Ex
702 1218 871 1262 historia
907 1220 1074 1274 insuper
1109 1228 1369 1274 compertum
1403 1219 1601 1262 habemus
1623 1253 1635 1271 ‚
1683 1221 1774 1261 illo-

405 1296 497 1322 rum
533 1277 681 1324 ducem
714 1280 942 1322 Alczecum
972 1275 1265 1318 Grimoaldum
1298 1279 1666 1334 Langobardorum
1698 1280 1775 1320 Re-

404 1353 499 1395 gem
534 1336 808 1387 convenisse,
842 1350 925 1392 quo
961 1336 1100 1376 Italiae
1132 1343 1291 1390 partem
1325 1350 1420 1377 cum
1457 1352 1527 1378 sna
1569 1347 1689 1394 gente
1727 1336 1776 1378 ad

404 1393 667 1438 incolendam
710 1394 983 1452 permitteret.
1017 1393 1126 1435 Hinc
1159 1392 1314 1435 factum
1347 1405 1435 1445 est,
1478 1405 1523 1437 ut
1544 1393 1778 1450 Langobar-

406 1454 556 1496 dorum
595 1453 781 1510 princeps
814 1450 1074 1493 Rodoaldum
1108 1452 1338 1494 Beneventi
1377 1455 1539 1495 Ducem
1570 1461 1770 1509 rogaret,

408 1521 454 1555 ut
485 1509 631 1552 iisdem
660 1510 813 1552 Samnii
848 1520 1008 1566 partem
1036 1509 1336 1552 habitatoribus
1376 1526 1550 1553 vacuam
1586 1528 1681 1554 cum
1713 1527 1777 1552 ur·

407 1570 527 1613 bibus
560 1569 763 1625 Saepino‚
801 1569 983 1610 Boviano
1003 1602 1016 1621 ,
1037 1568 1223 1610 AEsernia
1245 1599 1258 1617 ‚
1291 1569 1460 1626 aliisque
1496 1574 1544 1611 ad
1603 1570 1781 1611 incolen-

413 1627 513 1670 dum
544 1629 818 1685 permitteret.
852 1627 918 1669 Sic
951 1642 997 1666 ea
1028 1642 1125 1680 gens
1165 1627 1319 1667 Samnii
1353 1637 1509 1684 partem
1550 1643 1622 1685 per
1647 1628 1781 1682 plures

414 1685 637 1742 occupavit
671 1700 813 1729 annos.
847 1681 964 1725 Italia
996 1693 1093 1726 tunc
1128 1692 1189 1727 tot
1227 1685 1416 1740 gentibus
1448 1686 1629 1728 barbaris
1667 1685 1780 1727 habi-

412 1753 529 1794 tata,
558 1743 732 1798 lingua,
766 1742 951 1784 moribus
991 1751 1052 1783 tot
1084 1743 1203 1784 coelo
1241 1742 1519 1787 differentibus
1540 1775 1553 1794 ,
1589 1743 1779 1800 antiquos

411 1816 550 1846 mores
581 1799 682 1842 adeo
715 1800 915 1852 mutavit,
961 1809 1004 1840 nt
1036 1799 1095 1843 illi
1135 1801 1297 1843 nonnisi
1329 1816 1479 1844 nomen
1524 1802 1779 1858 superfuerit.

411 1863 524 1903 Nam
557 1868 657 1901 tunc
689 1858 839 1910 Graeci
859 1890 873 1909 ‚
910 1856 1060 1908 Gothi,
1093 1858 1384 1914 Langobardi,
1417 1861 1600 1916 aliaeque
1633 1859 1779 1901 efferae

415 1927 558 1974 gentes
593 1917 900 1960 amoenissimas
932 1917 1155 1960 incolentes
1189 1919 1417 1974 provincias
1470 1920 1666 1960 Latinam
1710 1917 1783 1958 lin-

416 1990 541 2033 guam
576 1973 676 2019 adeo
715 1984 987 2030 corruperant
1007 2006 1019 2023 ‚
1053 1983 1097 2015 ut
1128 1974 1178 2017 ad
1204 1977 1396 2018 ultimum
1426 1975 1659 2033 redegerint
1700 1984 1780 2016 sta-

415 2045 518 2077 tum.
558 2033 621 2076 Ex
659 2047 707 2074 eo
756 2042 942 2090 tempore
974 2033 1175 2074 Italorum
1207 2034 1347 2091 lingua
1378 2034 1598 2076 vetustam
1629 2047 1780 2075 novam

415 2091 569 2137 sensim
624 2100 781 2137 mutata
818 2123 830 2143 ‚
880 2091 1062 2147 vulgaris
1115 2106 1165 2136 ex
1209 2101 1270 2135 tot
1323 2092 1601 2135 Barbarorum
1648 2091 1780 2135 verbis

417 2149 495 2195 fuit
532 2157 634 2191 orta.

533 2209 619 2248 XL.
652 2207 773 2249 Anno
804 2205 970 2249 interim
1000 2206 1180 2262 qui-fuit
1196 2217 1374 2257 secutus2
1399 2205 1661 2250 Grimoaldus
1696 2207 1778 2249 fato

419 2263 495 2312 fuit
534 2264 696 2310 functus
716 2297 729 2320 ‚
761 2265 827 2311 cui
857 2276 1110 2312 successerat
1143 2265 1393 2313 Garibaldus
1426 2266 1533 2310 filius
1553 2297 1566 2318 ,
1599 2275 1638 2309 et
1685 2267 1780 2311 Ber*
