1920 2579
165 1340 272 1367 Cumae.

355 95 409 139 82

359 155 437 194 tius
471 165 552 193 esse
582 151 797 194 videretur.
833 147 943 191 Inter
975 151 1145 194 lateritia
1177 166 1329 206 opera,
1366 160 1406 191 et
1439 151 1734 198 inim-‘submi-

356 225 494 252 raneas
527 212 659 252 ruinas
693 213 827 268 plures
859 217 1043 265 statuae,
1078 211 1325 254 numismata
1348 240 1362 261 ,
1401 220 1439 250 et
1470 209 1622 268 lapides
1671 229 1735 256 re·

356 269 456 325 perti
494 269 617 311 fueres
886 268 888 271 ¹

473 327 658 368 Extitisse
693 327 811 372 eiiam
846 330 1056 388 quondam
1089 328 1137 371 C.
1173 327 1291 370 Marii
1325 325 1463 367 villam
1496 327 1606 381 apud
1654 330 1736 371 Mi-

353 399 496 426 senum
531 400 602 425 nos
637 387 755 428 (locet
790 391 940 431 Plinius
969 388 1072 430 Hist.
1108 390 1254 429 Natur.
1289 383 1355 426 lib.
1404 385 1568 426 XVHI.
1618 403 1652 429 c.
1705 388 1736 428 6

354 443 415 483 his
447 443 605 485 verbis:
639 448 912 497 Novissimzcs
945 449 1090 490 villam
1128 452 1167 488 in
1207 445 1450 485 Misenensi
1478 448 1631 496 posuit
1683 446 1730 488 C.

352 501 526 544 Marius
556 506 712 559 septies
747 508 938 557 Consul,
977 507 1051 547 sed
1080 503 1237 560 peritia
1270 504 1613 545 castrametandi
1630 537 1643 554 ,
1673 507 1730 550 si-

352 569 422 601 cuc
455 572 732 616 comparatos
764 570 803 606 ei
840 575 1010 606 ceteros
1045 565 1170 604 etiam
1213 561 1338 613 Sylla
1392 559 1437 599 F
1436 562 1530 601 elix
1570 576 1732 605 coecos

335 623 480 670 fuisse
502 620 672 661 diceret,
713 623 828 663 Circa
861 638 906 664 ea
935 623 1025 664 loca
1059 622 1179 661 fuisse
1225 618 1393 674 quoque
1448 617 1498 660 C.
1548 620 1729 663 Cornelii

350 675 480 731 Syllae
516 677 731 719 Dictatoris
764 681 894 722 villam
929 696 975 721 ex
1006 680 1194 734 Appiano
1228 677 1277 716 de
1310 675 1420 716 Bello
1453 676 1571 718 Civili
1604 680 1672 720 lib.
1699 682 1729 722 I.

348 739 608 788 compertum
642 737 865 790 habemus,
904 753 1074 792 eamque
1106 735 1217 776 haud
1250 735 1390 790 procul
1424 749 1446 773 a
1479 734 1623 778 Cumis
1667 754 1731 781 ex·

349 794 472 832 titisse
505 795 713 848 creditur,
747 807 785 836 et
817 799 855 837 in
890 799 977 853 ipso
1008 811 1103 850 agro
1151 794 1359 836 Cumano.
1412 793 1655 836 Plutarchus
1687 798 1728 838 in

347 851 432 891 eius
465 854 542 894 vita
578 853 665 893 heic
700 853 918 910 pecliculari
955 855 1100 897 morbo
1133 853 1188 893 ob
1221 867 1312 894 suas
1345 850 1572 905 libidines,
1611 864 1730 911 atque

350 907 666 954 comessationes
692 915 970 970 putrefactum
1002 914 1086 955 eius
1118 926 1267 968 coi-pus
1285 911 1410 951 vitam
1430 909 1562 953 finisse
1581 925 1729 955 narrat.

758 1030 801 1081 C
834 1033 880 1083 Α
921 1032 961 1082 P
1001 1031 1047 1082 U
1087 1028 1129 1078 T
1208 1028 1299 1080 IX.

402 1159 474 1200 De
504 1159 743 1200 Cumarum
785 1161 954 1218 origine
975 1193 986 1214 ‚
1023 1162 1275 1211 maiestate,
1318 1158 1454 1216 deque
1475 1159 1668 1201 eiusdem

635 1219 784 1259 ultima
816 1221 932 1262 urbis
964 1222 1090 1261 ruina
1116 1249 1126 1272 ‚-
1160 1232 1289 1279 aeque
1305 1220 1422 1269 fato.

456 1335 729 1377 Puteolanum
760 1335 922 1390 solum,
959 1349 997 1378 et
1027 1338 1227 1378 Baianum
1283 1337 1404 1378 simul
1453 1350 1549 1377 cum
1604 1337 1725 1378 Mise-

339 1392 452 1433 nensi
486 1393 772 1450 promontorio
808 1395 828 1450 (
859 1397 964 1437 sicut
992 1411 1112 1451 supra
1147 1395 1479 1437 demonstratum
1512 1403 1569 1432 est
1604 1395 1725 1451 )ple-

339 1467 438 1492 num
472 1452 682 1494 celebratis
714 1451 845 1506 villis,
877 1464 1000 1511 atque
1035 1456 1318 1496 Romanorum
1353 1452 1548 1495 aedificiis
1595 1469 1725 1509 quon(

338 1510 434 1551 dam
467 1510 571 1564 fuit3
604 1511 786 1568 nihilque
819 1512 930 1554 aliud
962 1522 1082 1554 restat
1115 1511 1275 1555 interim
1300 1545 1310 1562 ‚
1344 1527 1466 1568 quam
1506 1511 1569 1551 vix
1605 1513 1724 1554 mise-

337 1584 380 1610 ra
414 1569 669 1612 recordatio:
705 1571 808 1611 sicut
840 1572 950 1613 enim
984 1571 1185 1622 diximus,
1218 1586 1261 1611 ea
1295 1572 1381 1611 loca
1417 1586 1498 1610 non
1534 1570 1667 1612 solum
1701 1588 1722 1612 a

339 1639 572 1684 temporum
608 1628 806 1681 colluvie,
841 1642 879 1671 et
910 1646 932 1671 a
985 1630 1263 1672 Barbarorum
1314 1629 1526 1678 manibus,
1579 1644 1722 1672 verum

337 1688 460 1729 etiam
491 1703 512 1728 a
546 1687 856 1730 terraemotibus
889 1688 1071 1746 pluries,
1102 1703 1124 1729 a
1157 1689 1256 1729 coeli
1278 1687 1556 1736 inclementia,
1575 1697 1612 1728 et
1632 1688 1723 1742 igne

339 1761 359 1786 e
393 1757 521 1788 terrae
554 1745 770 1788 visceribus
801 1747 1009 1805 deperdita
1031 1778 1046 1798 ,
1083 1757 1206 1802 atque
1238 1745 1397 1787 foedata
1456 1746 1585 1787 fuere.
1635 1748 1721 1788 Cu-

336 1819 483 1846 manus
526 1820 644 1860 ager,
695 1814 739 1847 ut
785 1820 877 1848 mox
926 1804 1264 1855 enucleabimus‚
1313 1804 1423 1846 idem
1469 1804 1721 1848 horrendum

337 1862 462 1904 subiit
493 1862 625 1906 fatum
645 1896 660 1915 ,
698 1864 924 1906 etvceleber
954 1864 1106 1916 evasit,
1143 1879 1240 1906 cum
1288 1879 1309 1905 a
1361 1863 1553 1905 Barbaris
1603 1879 1720 1919 prae2

335 1924 475 1964 sertim
507 1933 711 1976 vastatus3
745 1933 783 1964 et
815 1924 910 1965 hinc
943 1924 1056 1982 nulla
1082 1923 1133 1964 ad
1166 1937 1238 1965 nos
1271 1924 1454 1978 pervenit
1498 1924 1718 1965 memoria.

334 1980 446 2023 Haec
476 1982 567 2024 loca
598 1981 699 2023 adeo
728 1993 825 2024 sunt
856 1992 1044 2032 vetusta3
1077 1992 1121 2023 ut
1153 1982 1268 2038 quasi
1299 1981 1404 2023 inter
1439 1979 1594 2022 fabulas
1648 1995 1717 2023 ve-

332 2054 377 2090 ra
410 2042 494 2082 eius
525 2041 694 2083 historia
726 2053 768 2081 se
798 2039 956 2097 perdat.
987 2041 1045 2082 At
1075 2039 1280 2097 quidquid
1310 2038 1352 2080 id
1393 2041 1449 2081 rei
1506 2038 1557 2079 sit
1579 2062 1611 2088 ,-
1639 2037 1720 2080 du-

333 2112 378 2139 ce
407 2099 493 2156 ipsa
521 2099 686 2142 historia
710 2131 724 2152 ,
757 2099 959 2143 nonnulla
989 2098 1039 2142 de
1070 2109 1180 2141 tanta
1212 2099 1500 2148 Cumanorum
1546 2095 1717 2139 celebri-

334 2166 416 2199 tate
448 2157 693 2201 evolvemus.

450 2215 678 2258 Cumarum
709 2217 897 2260 fundatio
929 2217 988 2260 est
1018 2226 1102 2259 tam
1136 2218 1266 2274 prisca
1288 2247 1302 2267 ,
1332 2226 1378 2258 ut
1434 2224 1528 2272 post
1573 2214 1716 2257 Troia-

333 2288 436 2316 num
467 2274 670 2319 excidium
700 2276 823 2320 fuerit
855 2275 1034 2320 condita.
1067 2275 1216 2320 Graeci
1247 2276 1354 2318 enim
1403 2284 1495 2333 post
1544 2274 1713 2329 longum
