1920 2579
1444 99 1521 142 153

155 162 222 200 ria
255 154 440 199 admisit.
478 154 574 211 Qua
612 153 666 196 de
702 167 837 196 causa
884 150 1079 213 Magnus
1127 155 1366 212 Pompeius
1413 157 1518 198 Xer-

152 231 261 256 xem
302 225 490 271 togatum
518 228 615 254 enm
653 214 912 268 appellabat.
956 213 1133 256 Velleius
1163 214 1399 256 Paterculus
1445 215 1517 260 hl„

156 273 207 314 Π.
239 288 272 313 c.
309 276 360 316 33
394 274 497 313 hanc
530 281 728 313 memorat
761 271 924 312 villam:
965 272 1105 328 Quem
1135 275 1186 314 oh
1212 275 1391 315 iniectas
1424 289 1517 313 mo-

155 332 221 372 les
252 332 392 380 mari,
421 340 462 370 et
497 338 713 384 receptum
761 329 961 386 szffossis
1005 331 1216 373 montibus
1266 338 1311 373 ιή,
1363 341 1502 373 terras

156 404 294 439 mare,
310 388 428 430 haud
443 390 629 440 infacete
646 402 836 445 magnas,
864 389 1096 441 Pompeius
1119 394 1310 432 Xerxem
1326 400 1518 448 togatum

163 461 321 490 vocare
336 446 604 489 adsueverat.
624 448 683 488 Ex
698 447 843 488 horum
861 458 1076 488 auctorum
1096 448 1225 490 verbis
1241 449 1345 490 hanc
1381 450 1519 490 villam

159 519 287 562 prope
301 504 515 559 Neapolim
534 504 654 545 fuisse
674 504 765 546 satis
777 516 955 561 apparet,
973 520 1096 561 eaque
1117 506 1275 548 nonnisi
1299 507 1374 548 suit
1389 508 1521 548 Pausi-

163 563 327 620 lypana‘
360 565 519 604 Verum
552 561 656 602 dicet
684 564 853 620 aliquis:
887 563 1054 606 ubinam
1087 580 1180 620 ergo
1213 566 1286 606 hae
1319 566 1521 610 Lucullia-

156 635 231 662 nae
263 622 434 678 piscinae
465 632 548 662 tam
582 621 756 663 celebres
787 632 906 662 erunt
934 622 1245 664 conlocandae?
1284 639 1376 664 cum
1413 626 1520 668 enirn

155 689 308 723 veteres
340 690 522 721 auctores
554 679 712 722 easdem
746 680 1003 735 magnificas,
1025 697 1169 737 easque
1203 683 1395 723 maximas
1428 683 1523 725 fuis-

155 753 198 779 se
227 739 493 795 scripserint,
531 738 842 781 ubinamrexcisi
875 750 1032 781 montes
1066 751 1251 797 montes,
1289 742 1519 798 euripique?

162 795 344 838 Blondus
375 797 509 838 adhuc
541 812 615 838 suo
646 808 832 854 tempore
867 799 1105 853 conspicuos
1135 814 1217 839 esse
1251 798 1397 850 tradi13
1419 804 1523 843 Pon-

160 865 280 895 tanus
310 870 407 899 vcro
439 855 490 896 de
521 855 686 911 Magnis.
720 871 752 897 c.
799 855 849 897 ΙΙ.
884 855 1050 911 perfossi
1095 857 1243 898 montis
1297 857 1443 899 indicia
1480 861 1521 901 in

162 911 343 955 ulteriori
381 914 583 972 Pausilypi
615 916 762 965 latere,
794 916 835 954 in
875 930 916 955 ea
950 925 1091 970 parte,
1124 930 1248 972 quam
1285 914 1417 958 adhue
1449 918 1523 960 Se-

165 971 260 1012 iani
285 972 465 1014 vocitant
498 982 695 1028 cryptam
733 972 853 1013 fuisse
894 973 1042 1015 scribit.
1306 1005 1315 1017 χ

287 1030 437 1072 Revera
469 1032 509 1071 in
542 1047 586 1072 ea
622 1041 734 1086 parte
765 1045 870 1087 quae
901 1030 1050 1072 dicitur
1077 1032 1122 1072 la
1139 1033 1292 1074 sczcola
1332 1034 1380 1074 di
1421 1032 1525 1077 Vir-

161 1089 303 1148 gilio,
357 1099 508 1130 restant
555 1088 688 1130 adhuc
731 1090 939 1144 perplures
985 1099 1234 1131 vetustarum
1280 1091 1524 1135 fabricarum

163 1148 306 1189 ruinae
328 1178 340 1197 ,
369 1158 408 1188 et
439 1146 672 1203 praesertim
704 1146 951 1203 piscinarum
999 1146 1075 1188 sub
1130 1147 1247 1189 undis
1268 1180 1282 1200 ,
1319 1160 1356 1189 et
1388 1151 1526 1193 aedifi-

164 1206 321 1248 ciorum
357 1216 487 1262 partes
507 1237 518 1258 ,
550 1219 654 1262 quae
685 1205 846 1246 nonnisi
878 1204 928 1246 acl
964 1204 1188 1247 Lucullum
1224 1208 1524 1263 pertinuerunt.

160 1264 276 1306 Cum
305 1278 402 1308 vero
434 1278 545 1306 mare
577 1262 841 1321 tranquillum
876 1274 964 1313 est,
1014 1279 1056 1304 ea
1089 1264 1232 1306 rudera
1269 1266 1422 1321 integra
1453 1283 1526 1325 ap-

166 1333 321 1378 parent.
353 1322 509 1364 Omnes
539 1321 696 1363 easdem
731 1321 900 1363 fabricas
930 1321 1052 1362 fuisse
1083 1337 1210 1378 prope
1233 1338 1343 1366 mare
1373 1337 1531 1369 certum

170 1392 253 1432 est,
286 1397 430 1437 easque
459 1381 510 1421 ab
549 1381 636 1436 ipso
668 1390 758 1435 post
789 1379 906 1436 plura
940 1379 1094 1422 saecula
1123 1380 1330 1439 absorptas
1349 1415 1365 1436 ,
1401 1399 1530 1441 aeque

170 1454 216 1480 ac
247 1440 396 1480 montis
429 1448 597 1494 partem.

285 1496 467 1538 Praefata
498 1497 662 1552 insuper
692 1495 822 1537 Seiani
854 1505 994 1552 crypta
1016 1527 1029 1546 ‚
1071 1511 1177 1553 quae
1207 1514 1335 1556 prope
1367 1500 1533 1543 Luculli

170 1555 305 1595 villam
340 1555 508 1603 visitur,
537 1553 589 1595 ad
621 1555 755 1610 ipsum
788 1554 955 1596 fortasse
985 1557 1210 1611 pertinuit,
1252 1560 1312 1600 vel
1351 1560 1532 1602 eiusdem

168 1613 362 1670 impensis
394 1613 473 1654 fuit
504 1623 700 1655 excavata.
732 1615 792 1654 Ea
824 1627 968 1668 parum
1001 1612 1141 1655 differt
1176 1630 1198 1655 a
1229 1628 1369 1673 crypta
1388 1618 1533 1663 Puteo-

170 1672 259 1713 lana
290 1670 411 1728 vulgo
440 1670 545 1711 dicta
565 1702 577 1724 ,
609 1683 647 1713 et
679 1672 847 1712 fortasse
878 1669 943 1712 illa
977 1671 1301 1725 magnificentior
1322 1707 1335 1726 ,
1385 1675 1502 1719 latior
1523 1711 1534 1731 ‚

169 1741 211 1772 et
250 1729 409 1784 longior
439 1740 499 1770 est
519 1761 534 1780 ,
571 1739 610 1770 et
644 1729 868 1771 luminibus
900 1731 1047 1786 passim
1079 1730 1121 1771 in
1152 1732 1332 1774 interiori
1354 1735 1538 1777 eiusdem

171 1797 314 1846 parte,
345 1788 405 1828 uti
435 1786 571 1832 videre
611 1789 759 1844 cuique
787 1787 880 1828 licet
911 1798 1094 1829 montem
1139 1789 1412 1835 adscendenti.
1444 1793 1535 1851 Ipsa

168 1856 231 1888 tot
261 1844 408 1887 abhinc
440 1845 605 1887 saeculis
635 1847 700 1890 vel
729 1857 857 1887 terrae
887 1845 1177 1900 aggestionibus
1200 1879 1212 1898 ‚
1243 1849 1305 1890 vel
1336 1866 1537 1907 aquarum

168 1903 505 1946 inundationibus
536 1905 698 1960 oppleta
745 1902 938 1946 videtur:
981 1903 1050 1945 sed
1087 1920 1195 1947 anno
1225 1922 1353 1964 prope
1403 1912 1538 1966 elapso

166 1961 510 2004 MDCCCXXV.
544 1977 637 2003 cum
681 1962 742 2005 via
775 1976 879 2004 nova
918 1962 1185 2020 Pausilypana
1233 1964 1284 2006 ad
1332 1967 1540 2012 Balneola-

169 2035 266 2062 nam
313 2036 441 2077 usque
489 2021 691 2076 regionem
745 2021 1000 2072 traheretur,
1055 2022 1209 2064 factum
1245 2034 1347 2078 est,
1406 2037 1451 2067 ut
1496 2044 1541 2070 ea

171 2093 275 2135 quae
304 2094 434 2135 usque
471 2079 523 2120 ad
554 2089 737 2121 nostram
768 2090 938 2122 aetatem
975 2078 1190 2123 obliterata
1220 2093 1305 2123 erat
1325 2115 1340 2134 ,
1393 2085 1538 2128 effossa

178 2152 269 2192 pars
306 2137 441 2178 fuerit.

293 2195 362 2236 Ad
393 2209 517 2251 quem
544 2211 639 2239 vero
682 2212 802 2239 usum
835 2212 880 2239 ea
931 2208 1073 2256 crypta
1123 2198 1377 2251 inservierit,
1427 2201 1540 2245 facile

180 2252 356 2309 dignosci
387 2264 550 2355 poltest3
587 2270 682 2299 cum
717 2258 846 2309 yicina
879 2255 1029 2300 isthaec
1074 2258 1181 2311 regio
1228 2259 1374 2317 passim
1425 2261 1539 2319 aquis

301 2316 418 2355 Tom.
452 2313 493 2357 I,
922 2338 925 2341 -
1077 2327 1132 2359 20
