1920 2579
1479 111 1563 153 223

617 227 985 281 CAPUT
1040 227 1145 304 w.

197 363 528 418 P‹msi{ypanae
570 360 869 401 describuntur·
895 358 1083 400 deliciae
1105 390 1116 408 ,
1147 358 1200 399 cle
1233 357 1367 400 Vedii
1401 333 1568 398 Pallio-

255 427 322 464 nis
357 423 466 462 villa
492 449 503 471 ,
544 420 675 472 deque
710 421 797 459 alia
834 416 967 458 Lucii
993 417 1201 472 Luculli,
1224 417 1362 474 (leque
1396 416 1571 458 Samm-

252 485 360 521 z'arii
392 488 541 535 poetae
577 478 832 534 Sepulclzro.

311 595 658 637 Amoenissimum
690 608 801 634 nunc
839 604 1039 635 terrarum
1058 591 1181 635 orbis
1201 593 1400 648 angulum
1426 593 1575 635 deseri-

194 655 288 697 bere
329 665 387 695 est
425 655 622 703 animus,
658 652 979 711 Pausilypanum
1022 667 1175 707 nempe
1223 652 1574 708 promontorium.

196 715 235 755 Si
270 713 445 753 nominis
478 713 660 767 primum
691 712 773 752 vim
813 722 1080 767 spectemus,
1123 711 1203 752 hoc
1238 725 1260 750 a
1296 710 1425 761 λύπη,’
1454 725 1575 763 cura,

202 783 241 812 et
278 779 375 813 παύω
397 802 411 821 ,
453 766 641 828 relinquo
681 769 888 810 descendit
913 801 923 821 ‚
960 769 1056 825 quia
1093 779 1206 809 tanta
1241 777 1299 809 est
1336 771 1421 811 eius
1440 784 1577 810 amoe-

210 830 341 881 nitas,
382 839 427 869 ut
464 829 535 885 qui
562 827 612 868 ad
644 827 759 868 illum
799 827 999 869 accedunt
1042 827 1179 867 locum
1204 858 1219 879 ,
1276 830 1414 869 statim
1452 828 1579 869 animi

200 902 428 930 moerorem
457 918 469 937 ,
506 901 722 942 curasques
750 901 771 925 a
810 902 850 927 se
883 895 1065 928 avertere
1096 897 1308 941 cogantur.
1343 886 1453 929 Cum
1482 901 1578 927 vero

198 946 300 986 mari
340 946 584 998 immineat,
628 959 675 984 ex
715 955 828 999 parte
856 944 1094 986 dominatur
1131 941 1449 999 Neapolitanum
1477 945 1578 987 Cra-

201 1013 362 1051 terem3
390 1002 441 1042 ab
477 1002 632 1044 oriente
667 1002 887 1057 Neapolim
919 1002 1082 1057 respicit
1103 1001 1266 1055 urbem,
1293 1003 1580 1060 subiectosque

206 1061 319 1102 vicos
351 1060 402 1101 ad
438 1061 609 1102 Vesuvii
643 1058 763 1116 pedes
803 1060 932 1111 sitos'‚
967 1074 1116 1115 nempe
1148 1059 1448 1118 Leucopetram
1472 1094 1485 1112 ,
1523 1060 1579 1102 vi-

204 1134 299 1160 cum
334 1120 375 1161 S.
408 1118 575 1160 Ioannis
610 1133 632 1158 a
667 1117 853 1160 Teducio
873 1151 884 1171 ‚
917 1117 1191 1160 Porticensem
1211 1149 1226 1170 ,
1258 1130 1297 1160 et
1316 1121 1581 1162 Resinensem

202 1177 347 1229 villas,
376 1176 707 1227 Herculaneum,
742 1187 781 1218 et
809 1180 1040 1234 Pompeios,
1074 1177 1283 1219 Praeterea
1315 1195 1360 1220 ex
1376 1180 1450 1220 alia
1468 1189 1583 1236 parte

201 1235 727 1278 Picentinorumcatenam
762 1246 1007 1293 prospectat,
1027 1235 1201 1290 stabias,
1229 1240 1384 1279 Vicum
1401 1241 1581 1295 AEquen-

200 1310 283 1336 sem
310 1325 323 1345 ‚
358 1295 603 1336 Surrentum
625 1329 639 1349 ,
670 1293 846 1339 Massam
876 1294 1132 1339 Lubrensem
1151 1328 1162 1349 ,
1195 1306 1234 1337 et
1260 1299 1470 1341 Minervae
1488 1311 1583 1353 pro-

201 1354 475 1395 montorium.
498 1353 565 1396 Ad
597 1351 851 1396 occidentem
889 1354 1086 1412 prospicit
1119 1357 1381 1414 Leucogaeos
1417 1355 1540 1398 eolles
1560 1386 1576 1407 ,

205 1412 397 1453 Puteolos
417 1444 433 1465 ,
471 1412 588 1454 Baias
608 1443 618 1464 ,
636 1449 639 1451 .
655 1423 694 1452 et
713 1412 919 1455 Misenum
941 1413 1225 1456 Romanorum
1243 1415 1457 1473 qnondam
1478 1416 1578 1455 clas·

205 1471 256 1511 sis
291 1472 519 1513 stationem.
558 1471 754 1512 Vicinum
791 1487 888 1514 vero
924 1486 1037 1512 mare
1066 1473 1277 1529 exquisitis
1317 1474 1499 1515 abundat
1522 1473 1581 1528 pi-

204 1528 364 1580 scibus,
399 1530 598 1586 omnique
628 1528 868 1573 deliciarum
901 1546 1059 1586 genere,
1101 1547 1179 1586 qua
1208 1545 1322 1587 parte
1345 1533 1580 1589 praesertim

202 1587 408 1629 sinistrum
446 1590 560 1629 alluit
598 1590 871 1645 promontorii
911 1592 1043 1642 latus,
1083 1589 1372 1634 aedificiorum
1392 1592 1580 1647 frequen-

205 1646 259 1686 tia
282 1677 295 1698 ,
326 1647 600 1703 elegantiaque
635 1646 886 1690 celebratum
908 1680 922 1700 ,
962 1663 1056 1689 cum
1094 1647 1127 1688 ei
1150 1649 1327 1692 adiaceat
1356 1651 1576 1705 Olympica

204 1707 353 1759 Plaga,
395 1705 517 1760 vulgo
558 1706 723 1763 Chiaja.
770 1708 814 1749 In
856 1709 943 1763 ipso
976 1708 1061 1748 eius
1106 1707 1208 1748 mari
1244 1710 1393 1750 adsunt
1434 1723 1580 1764 parvae

209 1763 389 1814 insulae3
424 1779 600 1818 quarum
634 1764 765 1819 prima
796 1777 854 1806 est
885 1766 1058 1821 Megaris
1079 1801 1092 1820 ,
1132 1768 1215 1807 sive
1252 1768 1457 1821 Megaria‚
1494 1766 1576 1806 vul-

210 1834 259 1873 go
306 1821 455 1861 Caslel
485 1822 584 1863 delz'
607 1822 739 1871 Ovo,
769 1839 870 1878 quae
909 1824 1074 1881 bystmo
1111 1834 1239 1864 terrae
1276 1841 1384 1865 nunc
1426 1825 1575 1865 adhae-

209 1888 303 1929 ret,
342 1889 380 1920 et
419 1894 438 1919 e
472 1879 632 1935 regione
664 1894 838 1936 parvum
887 1881 1067 1936 adsurgit
1121 1884 1453 1936 promontorium
1507 1899 1576 1924 no-

205 1936 314 1977 mine
351 1937 473 1979 Echia
499 1969 511 1988 ‚
552 1953 662 1979 nunc
702 1939 1013 1991 Pizzofalcone
1026 1939 1201 1993 Capreas
1220 1953 1376 1995 contra.
1401 1941 1578 1998 Euplaea

208 2006 266 2036 est
301 1998 500 2053 propius,
539 2012 650 2038 nunc
693 2003 819 2049 Mare
842 1998 1018 2052 Picum,
1060 1997 1216 2034 Εὐπλεῗῶ
1263 1999 1365 2057 (1),
1411 2015 1513 2058 quae
1559 2017 1579 2041 a

211 2118 812 2138 *Ἣ

305 2206 357 2252 (1)
386 2205 465 2240 Non
496 2205 618 2253 procul
648 2204 732 2242 hinc
761 2213 918 2241 montem
945 2206 1222 2243 ascendentibus
1252 2207 1288 2241 fit
1330 2208 1478 2243 obviarn
1510 2223 1584 2246 ma-

209 2268 276 2302 gna
302 2265 424 2304 crypta
445 2281 454 2297 ‚
480 2268 587 2305 quarn
616 2256 738 2293 Seiani
767 2266 889 2292 vocant
920 2256 1130 2305 indigenae,
1161 2258 1201 2291 la
1217 2265 1338 2306 grona
1357 2259 1397 2292 a'c'
1423 2260 1578 2309 Sejano.

209 2306 307 2341 Ilaec
336 2305 430 2340 enim
460 2306 619 2354 plurium
649 2320 821 2355 aquarum
851 2307 1102 2343 alluvionibus
1136 2308 1337 2344 vicinarum
1367 2311 1510 2359 rupium
1547 2314 1581 2348 iu

207 2356 283 2393 dies
311 2355 503 2406 oppletum
536 2357 608 2405 ipsa
638 2360 785 2398 fortasse
816 2371 833 2394 a
864 2358 1020 2396 Lucullo
1048 2358 1119 2397 suit
1148 2365 1284 2408 aperta.
