1920 2579
275 195 366 216 cruor
389 184 521 225 primum
555 180 735 211 mirabiliter
769 179 807 209 li-

278 225 442 268 quefactus
504 221 507 224 ’
663 220 724 251 286
742 227 772 250 et
801 231 889 264 seqq.

236 271 268 301 S.
293 267 426 298 Ianuarii
450 263 590 296 Ecclesia
624 262 661 292 ad
694 263 811 293 Vome-

280 320 346 338 rem
432 342 433 345 Ἴ

236 348 439 380 lldebrandus
461 347 528 377 Rex

237 389 421 422 lldelbaldus
457 388 629 417 Gothorum
666 387 734 416 Rex
757 397 808 416 oc-

283 434 360 461 cisus
394 431 433 460 ob
464 429 568 458 uxoris
607 427 812 469 pulchritudi-

280 484 350 503 nem

239 513 383 544 Ildericus
406 513 468 542 dux

242 556 373 585 Inarime
388 554 483 583 insula
501 563 541 593 99
557 553 724 583 continenti
740 553 808 582 uni-

284 604 313 626 ta
335 596 408 625 olim
431 594 507 624 ibid.
543 595 618 624 Iscla
648 605 743 634 quare
765 593 810 623 d-i-

282 645 331 667 cta
358 648 424 667 101.
451 636 643 672 Siraeusani,
668 635 810 675 Neapoli-

284 681 367 716 tani,
391 686 422 708 et
444 678 571 708 Romani
593 677 692 708 insula
713 677 809 707 domi-

284 728 394 750 uantur

243 762 345 793 Insula
369 761 467 792 Maior
486 782 493 797 ,
518 767 547 789 et
566 761 666 789 Minor

245 804 347 836 Insula
369 803 402 831 S.
427 802 579 831 Leonardi

828 305 891 376 {2⁷³2

838 468 894 506 184

835 510 893 542 185

837 727 892 747 102

838 760 893 791 155

839 801 895 832 155

245 844 349 877 Insula
372 843 530 884 Prochyte
681 856 735 885 ¹⁰7
759 851 788 874 et
808 854 894 886 seqq.

247 885 350 917 Insula
374 887 510 924 Capreae
684 896 738 916 112
764 893 793 916 et
807 896 892 926 seqq.

248 927 348 958 Insula
370 928 456 957 Nesis
677 938 732 959 ito
755 935 786 957 et
809 938 893 967 seqq.

246 969 349 1000 Insula
373 969 405 998 S.
429 968 586 998 Vincentii
841 970 899 999 155

247 1014 361 1042 Ioanna
385 1011 408 1039 1.
442 1010 713 1049 Neapolitanorum
750 1011 811 1041 Re-

291 1053 360 1091 gina
847 1064 901 1095 ¹9⁰

248 1095 362 1127 Ioanna
388 1092 429 1122 ΙΙ.
454 1091 728 1132 Neapolitanorum
761 1095 818 1124 Re-

291 1136 360 1174 gina
845 1146 903 1177 290

250 1177 334 1207 Iovis
356 1175 430 1204 villa
454 1174 533 1214 apud
558 1174 687 1214 Capreas
848 1188 900 1216 ¹¹7

250 1219 282 1247 S.
308 1216 441 1245 Iulianae
465 1214 622 1243 translatio
660 1227 675 1244 a
715 1216 820 1245 Cumis

292 1259 321 1285 in
345 1257 485 1286 Castrum
509 1256 716 1287 Lucinianum
848 1256 905 1294 111ss

248 1298 395 1327 luncarae
419 1297 561 1326 balneum
864 1300 904 1338 39

251 1340 462 1379 {ura-mentum
488 1336 694 1377 gladiaturam
843 1339 904 1379 249

565 1418 596 1448 K

252 1504 417 1532 hollonia
437 1502 565 1533 zena-‚2
577 1503 622 1528 ΤΗ
639 1525 647 1538 ,
692 1517 741 1536 seu
765 1506 824 1536 Co-

294 1547 374 1577 lonia
399 1548 529 1588 Augusti
888 1548 907 1577 6

564 1632 590 1662 L

254 1714 352 1743 Lacus
375 1711 526 1744 Lucrinus
550 1714 629 1745 idem
667 1727 703 1747 ac
737 1715 826 1746 Baia-

296 1766 349 1783 nus
371 1766 465 1794 quare
488 1757 639 1788 Lucrinus
663 1758 773 1794 dictus,
797 1764 827 1785 et

295 1797 453 1826 Ostreosus
869 1796 909 1837 45

252 1839 349 1868 Lacus
373 1838 564 1870 Acherusius
733 1840 773 1870 80
796 1847 824 1870 et
839 1849 903 1878 seq.

250 1881 349 1910 Lacus
372 1880 518 1910 Avernus
865 1880 907 1917 48

250 1922 349 1952 Lacus
371 1921 501 1952 Baianus
867 1921 908 1951 63

251 1962 349 1992 Lacus
374 1964 534 1994 Linternus
867 1975 906 2006 92

251 2007 349 2035 Lacus
376 2006 514 2036 Anianus
530 2008 570 2048 39
587 2006 708 2047 quando
725 2017 823 2037 emer·
868 2048 885 2077 l

294 2054 330 2076 su
878 2060 907 2086 go

250 2088 444 2127 Langobardi
468 2101 529 2130 quo
551 2100 633 2120 anno
652 2092 756 2122 Cumis
771 2100 826 2131 po-

292 2132 409 2160 tiuntur
431 2140 469 2170 90
495 2131 550 2160 sub
573 2132 711 2163 Alboino
739 2132 823 2171 Rege

294 2172 414 2202 Italiam
438 2182 590 2213 occupant
629 2174 680 2205 131
721 2173 827 2205 Italiae

295 2214 406 2242 faciem
432 2221 559 2244 vertunt

254 2254 387 2297 Lapides
410 2255 447 2284 ad
470 2257 656 2297 Campaniae
674 2258 737 2286 vias
752 2264 827 2287 ster-

293 2295 405 2326 nendas
428 2298 578 2329 undenam
618 2306 733 2331 veteres
767 2299 829 2329 col-

834 2212 908 2252 ibid,

1527 140 1611 185 299

992 180 1125 221 legerint
1550 195 1567 214 2
1577 196 1612 227 ¹9

952 218 1075 251 Latinae
1099 220 1167 252 viae
1190 230 1295 252 cursus
1313 241 1323 260 ,
1347 227 1377 253 et
1409 221 1524 255 descri-

995 265 1060 304 ptio
1553 275 1609 297 202

953 300 1100 334 Leborius
1123 313 1246 344 campus
1569 320 1608 351 93·

952 342 1046 385 Leges
1070 345 1146 376 latae
1169 346 1206 376 ad
1228 347 1404 388 spectacula
1428 348 1526 391 repri-

994 386 1105 416 menda
1544 391 1607 422 252

954 426 987 456 S.
1013 427 1167 459 Leonardi
1192 429 1291 460 insula
1550 433 1608 462 155

954 467 1127 509 Leucogaei
1152 470 1245 500 colles
1572 473 1609 503 35

954 509 1117 541 Leutharis
1171 511 1421 543 Alemannorum
1466 513 1528 544 dux

993 550 1112 582 ltaliam
1134 561 1267 594 occupat
1297 564 1353 595 179
1375 566 1390 584 a
1415 557 1530 586 Narse-

993 600 1023 623 te
1046 594 1084 623 ad
1106 597 1348 624 internecionem
1372 597 1512 627 redactus
1534 598 1610 627 ibid.

953 632 1118 674 Lignariae
1142 637 1209 665 viae
1231 647 1382 677 quaenam
1551 639 1611 677 243

954 674 1117 707 Liternum
1140 678 1213 707 urbs'
1233 689 1271 720 92
1297 690 1312 708 a
1336 680 1449 721 quibus
1472 690 1523 710 ae-

995 717 1117 748 dificata
1171 726 1174 727 ’
1535 723 1609 753 ibid.

955 758 1110 798 Longinus
1132 760 1236 791 Italiae
1261 761 1425 792 Exarchus
1553 764 1604 795 181

957 799 1102 835 Lucullus
1126 803 1157 831 in
1180 801 1289 833 Neside
1327 803 1427 834 insula
1464 805 1524 834 vil-

1000 842 1060 872 lam
1084 844 1213 883 possedit
1554 858 1607 878 111

957 883 1167 915 Luculltvitla
1177 886 1387 927 Pausilypana
1406 888 1461 917 152
1479 895 1508 918 et
1525 899 1610 931 seqq.

958 925 1078 954 Luculli
1104 927 1178 956 villa
1202 928 1379 958 Misenensis
1406 930 1460 970 157
1479 937 1610 972 etseqq.

958 966 1081 996 Luculli
1105 970 1236 1008 piscinae
1555 974 1610 1003 153

958 1008 1150 1039 Lucumones
1171 1012 1297 1051 quinam
1555 1015 1614 1051 124

960 1048 1115 1080 Ludiones
1138 1052 1229 1081 iidem
1253 1063 1286 1083 ac
1310 1052 1475 1083 His-triones
1553 1056 1612 1097 247

961 1090 1139 1122 Ludovicus
1162 1095 1229 1124 Rex
1252 1102 1281 1124 et
1299 1096 1467 1134 Imperator
1557 1097 1612 1137 187

964 1131 1068 1161 Ludus
1092 1133 1290 1171 gladiatorius
1557 1138 1617 1177 249

963 1172 1135 1202 Luitbertus
1160 1186 1222 1214 quo
1245 1186 1324 1204 anno
1346 1184 1450 1216 regnat
1563 1180 1619 1209 130

963 1213 1167 1254 Luitprandus
1205 1217 1349 1257 princ-eps
1395 1220 1528 1257 optimus

1004 1254 1119 1284 bellum
1143 1258 1221 1295 gerit
1245 1268 1315 1286 cum
1346 1259 1537 1290 Beneventa-

1008 1296 1052 1323 nis
1563 1304 1617 1333 18⁷)

967 1335 1058 1376 Lydii
1081 1339 1326 1377 spectaculorum
1360 1342 1533 1373 inventores
1561 1346 1618 1383 243

1268 1422 1302 1450 M

967 1501 1148 1533 Manfredus
1169 1503 1234 1533 Rex

968 1545 1082 1574 Mansio
1106 1545 1181 1586 quid
1204 1547 1258 1575 sibi
1282 1545 1347 1576 vult
1370 1548 1453 1589 apud
1475 1550 1539 1579 Ro-

1011 1596 1114 1615 manos

967 1628 1094 1657 Mantua
1117 1628 1317 1660 Etruscorum
1341 1632 1410 1662 urbs
1454 1634 1539 1674 prin-

1014 1680 1084 1710 ceps
1568 1679 1623 1707 125

970 1711 1114 1741 Maranus
1136 1722 1232 1754 pagus
1581 1730 1620 1760 97

969 1753 1187 1783 Marcellianus
1209 1754 1270 1783 dux
1305 1755 1395 1796 opida
1437 1759 1538 1787 munit

1009 1802 1113 1824 contra
1135 1795 1344 1827 Valentiniani
1361 1799 1474 1828 iussum

1570 1521 1623 1553 190

1563 1594 1621 1636 239

1565 1811 1573 1829 i
1607 1812 1619 1830 2

969 1837 1058 1866 Marii
1082 1836 1158 1866 villa
1583 1812 1624 1882 ἐς)

967 1879 1000 1908 S.
1027 1879 1150 1907 Martini
1174 1880 1272 1909 insula
1568 1895 1620 1924 ¹07

968 1921 1124 1960 Masgabes
1147 1919 1320 1952 adolescens
1352 1923 1390 1952 ab
1427 1924 1535 1965 Augu-

1008 1969 1052 1991 sto
1075 1962 1205 1992 dilectus
1566 1966 1620 2005 ¹¹4

966 2003 1079 2034 Medici
1123 2003 1307 2035 Salernitani
1348 2007 1531 2037 Puteolanas

1008 2053 1152 2076 evertunt
1176 2047 1308 2077 thermas
1415 2048 1454 2079 38
1477 2058 1508 2080 et
1529 2060 1613 2092 seqq.

966 2089 1102 2128 Megaria
1136 2088 1232 2118 insula
1268 2088 1343 2119 saiso
1379 2090 1496 2120 credita
1519 2102 1536 2121 a

1011 2129 1195 2170 quibusdam
1219 2131 1359 2161 Castrum
1382 2132 1529 2162 Luculla-

1011 2182 1086 2201 num
1113 2172 1174 2210 146
1195 2180 1296 2202 utrum
1329 2173 1422 2203 fuerit
1465 2175 1536 2204 urbs

1014 2215 1045 2244 in
1068 2213 1320 2244 hacinsulaibid.
1337 2222 1440 2245 utrum
1463 2215 1537 2246 haec

1014 2255 1110 2287 insula
1133 2261 1323 2296 coangustata

973 2298 1158 2330 mercatores
1173 2297 1374 2330 Alexandrini
1391 2320 1401 2338 ,
1425 2298 1536 2330 Asiati-

1273 2347 1287 2361 t

1545 2258 1617 2287 ibid.
