1920 2579
1483 118 1535 157 23

159 194 310 238 panum
332 211 346 229 ,
382 189 420 220 et
450 176 685 234 praesertim
733 175 1000 228 Romanum,
1049 184 1088 215 et
1127 169 1366 215 Veronense
1415 174 1530 230 quod

161 255 254 296 prae
273 240 411 280 ceteris
443 237 667 278 maximum
701 234 874 275 habetur
906 234 1016 275 iuxta
1047 231 1263 275 laudatum
1295 243 1524 285 auctorem,

162 314 255 338 cum
288 296 512 353 spectacula
558 293 783 336 edebantur
806 323 819 343 ‚
851 292 940 336 XC.
975 292 1085 335 mille
1135 292 1320 333 homines
1374 293 1534 333 circiter

165 356 395 412 excipiebat.

281 413 343 454 Ad
375 423 527 454 tantam
563 411 683 466 igitur
715 409 965 452 diversarum
998 411 1214 453 nationum
1264 409 1540 466 frequentiam

161 471 479 527 amplectendam
515 470 649 527 plures
682 469 732 510 ab
764 469 1081 527 Imperatoribus
1120 469 1223 522 leges
1258 466 1338 509 huc
1363 479 1544 525 spectan-

164 541 222 570 tes
254 529 356 571 latae
384 530 524 582 fuere3
550 540 588 570 et
623 527 801 570 Puteolis
835 529 1047 585 praecipue
1081 527 1102 583 (
1134 541 1229 567 nam
1261 526 1317 566 ibi
1351 527 1532 580 licentia,

165 599 203 628 et
221 588 329 628 haud
351 589 448 630 recti
467 602 601 629 mores
623 587 830 643 vigebant)
854 591 1063 642 Augustus
1083 595 1208 643 prout
1229 600 1273 626 ex
1293 584 1536 640 Tranquillo

165 657 225 687 est
246 647 284 686 in
307 648 390 687 eius
424 648 500 686 vita
522 645 673 697 c.44ad
693 645 918 687 sedendum
940 647 1065 700 legem
1083 643 1194 695 tulit,
1217 644 1258 684 iu
1278 643 1541 700 Amphithea-

163 715 258 753 tro,
307 716 345 745 et
390 704 441 745 ad
476 719 608 746 mores
639 703 898 758 corrigendos
943 702 1312 759 castigandosque:
1362 717 1409 742 ex
1446 704 1535 758 ipso

164 778 258 802 vcro
290 774 452 804 anctore
505 772 762 817 compertum
810 772 869 803 est
890 792 904 811 ,
953 773 1181 803 senatorem
1234 760 1446 816 quendam
1496 761 1539 800 iu

164 821 478 876 Amphitheatro
511 821 733 861 Puteolano
765 820 869 861 male
897 831 1110 876 exceptum
1157 818 1289 860 fuisse.
1326 821 1414 860 Hoc
1469 819 1542 872 igi-

166 890 233 918 tur
264 879 366 920 adeo
398 878 507 919 ludis
539 876 694 919 celebre
725 881 875 930 evasit,
911 889 958 918 ut
989 894 1010 919 e
1041 878 1273 933 longinquis
1306 876 1540 932 regionibus

163 936 244 974 huc
276 947 411 988 gentes
437 968 447 984 ,
487 947 526 977 et
559 935 772 992 praecipue
804 937 896 977 Viri
938 937 1169 991 prIucipes,
1220 946 1259 976 et
1306 935 1431 991 Reges
1465 935 1540 990 ipsi

162 992 213 1032 ad
252 993 465 1033 visendum
501 993 752 1034 advenirent.
784 994 892 1034 Hinc
922 995 1002 1035 Dio
1048 993 1117 1035 lib.
1153 994 1351 1036 XXXVI.
1387 993 1546 1035 Tirida-

156 1062 241 1091 tem
274 1053 494 1092 Armeniae
529 1052 677 1106 Regem
716 1051 839 1091 tradit
869 1051 1152 1093 advenientem
1184 1053 1226 1091 in
1260 1052 1420 1092 Italiam
1445 1083 1458 1101 ,
1483 1053 1538 1092 viu

163 1109 388 1150 Puteolano
421 1109 739 1166 Amphitheatro
768 1109 894 1152 fuisse
923 1109 1026 1151 adeo
1059 1109 1166 1151 hisce
1196 1109 1441 1151 delectatum
1463 1142 1475 1160 ‚
1494 1120 1538 1151 ut

157 1177 366 1224 praesente
395 1169 563 1210 Nerone
582 1199 596 1218 ,
627 1167 822 1224 quasdam
854 1168 989 1210 lancea
1023 1168 1169 1210 bestias
1202 1169 1363 1225 petierit
1384 1200 1394 1220 ‚
1430 1183 1543 1210 coro-

164 1241 298 1282 naque
346 1225 469 1267 fuerit
521 1226 740 1284 plaudente
788 1226 1117 1283 frequentissimo
1165 1228 1320 1284 populo
1353 1226 1543 1270 donatus,

163 1286 222 1325 De
256 1284 378 1325 huius
411 1284 589 1327 adventu
622 1286 663 1327 in
699 1284 842 1327 urbem
878 1287 1050 1328 Romam
1071 1316 1084 1335 ,
1132 1296 1258 1342 atque
1295 1286 1545 1342 ⁴spectaculis

163 1341 576 1397 magnificentissimis
607 1343 723 1386 editis
753 1346 835 1400 agit
865 1346 987 1386 etiam
1017 1343 1285 1401 Tranquillus
1317 1345 1358 1386 in
1381 1344 1546 1387 Nerone

161 1415 195 1441 c.
236 1402 301 1443 13.

256 1458 414 1511 Supra
450 1458 629 1499 diximus
678 1460 718 1499 in
754 1458 831 1499 hoc
864 1458 1181 1515 Amphitheatro
1223 1460 1274 1501 D.
1305 1460 1546 1500 Ianuarium

162 1529 257 1555 cum
279 1515 409 1555 Sociis
443 1516 494 1556 ad
529 1517 672 1559 bestias
702 1517 957 1559 damnatum.
980 1519 1104 1559 Hunc
1135 1529 1271 1559 autem
1292 1517 1547 1580 Christiauaae

162 1572 256 1614 fidei
290 1572 500 1614 Athletam
535 1585 753 1633 antequam
801 1576 852 1618 ad
883 1590 1046 1618 arenam
1080 1576 1347 1618 descenderet
1370 1608 1381 1626 ,
1414 1577 1546 1618 inclu-

168 1646 257 1672 sum
292 1632 331 1671 in
367 1646 567 1674 carcerem
606 1634 919 1690 subterraneum
971 1636 1013 1676 iu
1064 1635 1188 1692 ipsius
1238 1634 1545 1692 Amphitheatri

164 1689 291 1732 caveis
324 1689 432 1730 fama
464 1702 532 1732 est.
553 1685 805 1735 ,Hodiedr-im
837 1704 959 1737 restat
991 1693 1127 1736 adhuc
1160 1695 1244 1749 ipse
1266 1725 1280 1745 ,
1319 1694 1389 1750 qui
1422 1694 1543 1751 pluri·

164 1750 240 1790 mis
272 1747 423 1788 abhinc
454 1751 569 1792 annis
621 1752 661 1792 in
695 1751 924 1795 AEdiculam
972 1755 1103 1795 eidem
1154 1752 1331 1808 Martyri
1365 1751 1542 1795 dicatam

164 1808 241 1848 fuit
273 1820 494 1847 conversus
525 1823 546 1848 a
579 1810 808 1853 Marchesio
839 1812 1063 1853 Puteolano
1096 1811 1316 1867 Episcopo.

281 1864 342 1905 De
373 1864 449 1905 hoc
482 1868 799 1924 Amphitheatro
831 1868 1052 1911 dicendum
1087 1879 1283 1923 superest,
1317 1871 1395 1911 hoc
1430 1886 1539 1912 nunc

166 1924 329 1980 penitus
363 1923 574 1966 ruinosum
608 1937 827 1983 totumque
859 1928 934 1969 sub
966 1928 1172 1969 immensis
1212 1927 1307 1983 ipsis
1341 1928 1539 1970 ruderum

163 1983 290 2025 ruinis
325 1996 433 2034 esse,
468 1985 650 2042 nihilque
699 1984 810 2027 aliud
842 1998 1075 2043 superesse,
1121 2000 1247 2043 quam
1300 1988 1537 2029 interiorem

162 2041 398 2098 porticuum
432 2054 588 2098 partem
621 2060 742 2101 opere
776 2047 960 2087 lateritio.
981 2047 1073 2087 Hoc
1104 2059 1200 2086 vero
1234 2059 1315 2086 non
1351 2055 1436 2086 tam
1458 2061 1542 2089 ma-

164 2098 359 2154 gnificum
385 2130 397 2149 ,
428 2116 551 2157 quam
586 2104 845 2160 Campanum
879 2105 988 2145 fuit:
1023 2119 1118 2146 nam
1154 2103 1221 2162 (ut
1253 2103 1430 2146 diximus
1463 2120 1493 2145 e.
1519 2107 1542 2148 5

162 2157 234 2201 lib.
272 2158 348 2213 1.)
382 2157 484 2200 illud
516 2162 650 2218 ipsum
685 2161 764 2203 fuit
797 2174 878 2204 tam
914 2178 1146 2220 magnum,
1199 2173 1237 2203 et
1281 2163 1447 2214 nobile,
1500 2175 1544 2204 nt

161 2230 281 2261 terno
313 2219 548 2272 porticuum
582 2221 726 2262 ordine
774 2222 897 2264 fuerit
930 2233 1161 2265 extructum
1186 2252 1197 2270 ‚
1246 2232 1283 2262 et
1333 2224 1424 2263 satis
1455 2238 1541 2262 arn-

160 2277 277 2337 plum
301 2306 314 2325 2
344 2284 466 2332 atque
500 2280 725 2323 Puteolano
760 2280 1044 2339 splendidius,
1079 2295 1174 2321 cum
1209 2279 1316 2322 idem
1366 2297 1385 2321 a
1419 2279 1539 2322 Cam-
