1920 2579
323 201 495 249 Caesare
534 204 721 261 Augusto
767 203 873 246 hanc
911 200 1018 246 viam
1051 203 1231 249 silicibus
1267 214 1544 250 constructam
1593 206 1692 252 e'saeff

441 261 523 306 Alii
555 273 722 306 narrant
751 262 889 317 idem,
919 273 967 303 ut
998 265 1142 307 Strabo
1174 267 1263 308 loco
1293 266 1362 307 cit.
1393 281 1517 322 quem
1567 271 1691 310 ceteri

324 331 569 378 sequuntur.
600 321 904 364 Illustrissimus
935 323 1119 380 Lupolus
1151 323 1232 366 Iter
1276 324 1431 366 Venus.
1479 325 1587 369 Clas.
1634 325 1686 368 Π.

320 394 410 437 pag.
445 383 525 423 300
556 380 654 422 alios
685 380 987 436 Imperatores,
1021 382 1126 424 hanc
1157 384 1264 423 viam
1296 382 1420 423 fuisse
1449 393 1688 440 prosecutos

322 449 520 482 autumat.
554 439 753 495 Quamvis
784 452 878 495 ergo
907 439 1006 481 haec
1037 440 1219 483 diversos
1248 450 1434 496 agnoscat
1465 453 1653 484 auctores
1675 472 1690 493 ,

319 513 404 540 non
438 497 533 541 inde
563 497 836 554 colligendum
859 529 871 547 ,
903 498 1008 540 hane
1040 501 1205 542 illorum
1238 513 1390 543 nomen
1439 515 1684 558 usurpasse,

323 557 392 599 sed
424 558 584 615 Appiae
614 572 774 613 semper
805 557 1028 598 retinuisse.

441 617 652 659 Laudatus
686 613 875 671 Lupolus
905 614 1006 656 duas
1035 614 1245 672 distinguit
1277 615 1357 658 vias
1408 627 1501 659 ante
1548 616 1684 658 Traia-

323 689 426 716 num
461 675 530 730 (1)
564 675 857 730 Imperatorem
893 672 910 732 (
950 674 1014 715 hic
1046 675 1155 717 enim
1186 676 1308 716 etiam
1339 676 1447 719 viam
1496 686 1692 717 restaura-

323 734 410 784 vit,
444 743 483 773 et
516 732 709 788 perduxit
738 730 790 771 ad
820 732 1105 773 Brundusium
1142 733 1310 772 fortasse
1343 733 1359 787 )
1390 745 1430 773 et
1457 733 1511 774 ad
1532 735 1609 773 hoe
1624 733 1697 775 de-

323 789 641 832 monstrandum
674 787 799 829 Tullii
835 791 908 844 Ep.
934 788 986 827 ad
1020 789 1146 829 Attic.'
1180 788 1247 831 tib.
1280 790 1398 831 VIII.
1445 798 1495 841 14
1528 790 1698 829 auctori«

326 857 453 888 tatem
490 846 635 898 affert,
673 860 759 901 quo
794 844 837 885 id
871 845 1016 902 probet
1039 877 1052 896 ,
1091 861 1135 887 ac
1174 847 1251 888 iter
1285 847 1446 888 Horatii
1481 846 1549 890 lib.
1572 847 1694 888 LSa-

323 917 405 964 tyr.
442 905 467 947 5
498 903 784 946 Brundusium
822 917 979 959 usque,
1016 903 1087 943 ubi
1123 916 1242 959 poeta
1278 905 1446 946 eandem
1485 908 1594 947 viam
1612 921 1699 961 per-

324 964 491 1006 ductam
522 978 603 1003 esse
645 974 773 1016 usque
807 959 858 1001 ad
883 974 972 1001 eam
1003 960 1146 1002 urbem
1186 972 1334 1003 narrat.
1356 963 1504 1005 Strabo
1532 963 1600 1005 lib,
1626 962 1700 1006 VI,

264 1066 266 1068 ,
325 1022 449 1064 fuisse
476 1019 684 1077 duplicem
719 1017 827 1059 viam
862 1017 1145 1067 demonstrat,
1178 1036 1257 1076 qua
1294 1021 1526 1064 Benevento
1569 1022 1702 1062 Brun-

326 1079 494 1121 dusium
527 1092 655 1135 usque
695 1075 898 1132 perveniri
936 1075 1050 1117 facile
1080 1088 1163 1116 erat
1187 1109 1201 1128 ,
1244 1093 1314 1132 per
1349 1080 1560 1121 Peucetios
1592 1093 1698 1119 nem-

325 1153 377 1195 pe
409 1136 461 1178 ab
501 1136 647 1179 eodem
674 1133 887 1177 Venusino
921 1144 1039 1191 poeta
1074 1132 1308 1191 descripta,
1348 1147 1386 1176 et
1419 1152 1490 1192 per
1511 1137 1695 1177 Daunios

326 1196 482 1247 altera,
520 1210 624 1251 quae
657 1193 794 1249 Appia
827 1192 955 1234 dubio
993 1195 1136 1249 procul
1174 1194 1345 1250 ipsamet
1383 1196 1494 1249 fuit,
1537 1205 1576 1236 et
1626 1208 1697 1251 per

325 1254 551 1296 Venusiam
592 1251 876 1294 Brundusium
920 1252 1105 1293 eundum
1147 1263 1243 1293 erat.
1626 1256 1629 1259 ’

444 1310 598 1365 Quoad
628 1324 725 1352 vero
757 1310 915 1366 Appiae
965 1309 1217 1351 maiestatem
1267 1320 1307 1352 et
1358 1308 1698 1367 magnificentiam

326 1380 499 1429 spectat,
516 1369 709 1425 legendus
742 1378 800 1410 est
832 1370 1055 1427 Procopius
1088 1368 1138 1409 de
1170 1369 1279 1411 Bello
1298 1370 1426 1412 Goth.
1448 1369 1518 1411 lib.
1538 1371 1571 1412 Ι.
1592 1383 1628 1410 c.
1650 1377 1701 1421 14
1738 1400 1746 1405 .

327 1431 400 1488 qui
432 1428 539 1470 hanc
573 1426 806 1469 mirandum
838 1427 880 1469 in
913 1428 1085 1471 modum
1119 1427 1327 1470 describit.
1348 1429 1463 1469 quta
1483 1441 1578 1468 vero
1608 1429 1705 1467 Pra-³

332 1488 484 1529 tillium
516 1487 716 1530 CXXIV.
753 1485 933 1529 milliaria
966 1502 988 1528 a
1018 1489 1149 1529 Roma
1181 1486 1231 1526 ad
1279 1488 1465 1542 Capuam
1517 1485 1710 1526 extende-⁶

335 1547 459 1587 batur
489 1546 622 1603 Appia
642 1577 652 1597 ‚
702 1557 740 1586 et
771 1545 823 1586 ad
857 1546 1142 1588 Brundusium
1176 1545 1394 1589 CCXCln.
1426 1546 1498 1599 qui
1537 1543 1704 1599 quiden]

337 1601 574 1656 existimat,
613 1603 717 1644 hane
748 1602 854 1645 viam
886 1603 1011 1646 iatam
1046 1604 1165 1643 fuisse
1199 1606 1236 1643 in
1257 1602 1503 1658 quibusdam
1535 1601 1632 1641 locis
1651 1603 1704 1640 vi·-

337 1662 439 1717 ginti
469 1677 537 1703 sex
569 1661 689 1718 pedes
713 1692 723 1713 ‚
756 1671 795 1701 et
825 1662 867 1702 in
898 1662 983 1702 aliis
1003 1661 1201 1702 minorem
1226 1692 1240 1710 ,
1265 1660 1374 1716 quod
1397 1671 1505 1700 certe
1527 1658 1707 1699 tribuen-

336 1721 436 1762 dum
469 1719 645 1762 arbitror
678 1719 797 1761 variis
828 1719 1012 1762 locorum
1045 1719 1328 1759 incommodis.
1363 1718 1421 1758 Ea
1470 1732 1565 1759 vero
1611 1717 1707 1757 inci-

355 1859 1700 1882 ..--——-------—--—-—-——-—-——-—--—-—-·—-—-----

433 1951 487 1995 (ι)
515 1947 679 1984 Eandem
717 1961 800 1985 vero
827 1948 923 1985 viam
952 1960 968 1983 a
997 1946 1204 1981 Benevento
1241 1942 1286 1977 ad
1315 1940 1561 1977 Brundusium
1593 1956 1710 1991 usque

335 2000 572 2035 instauratam
600 2011 674 2034 esso
701 2010 720 2034 a
745 1999 859 2034 Nerva
888 1997 1045 2032 Traiano
1074 1997 1292 2042 Imperatore
1320 1998 1456 2027 constat
1486 2004 1525 2026 ex
1552 1994 1711 2039 quadam

337 2049 517 2085 Columna
546 2048 709 2083 milliaria
735 2062 753 2083 a
781 2048 942 2082 Grutero
971 2059 1051 2096 pag.
1078 2044 1169 2080 CLI.
1196 2043 1370 2084 recitata,
1401 2053 1435 2078 et
1464 2044 1560 2090 apud
1589 2047 1701 2081 Ascu-

339 2100 414 2135 lum
442 2105 590 2147 reperta.
619 2099 718 2133 Hanc
742 2098 849 2133 etiam
877 2096 973 2132 viam
1013 2095 1184 2143 temporis
1219 2102 1405 2141 progressu
1426 2093 1548 2129 multis
1576 2095 1712 2131 abhinc

331 2149 484 2185 saeculis
510 2155 688 2184 vetustate
717 2156 959 2184 senescentem
985 2154 1216 2181 restauratam
1244 2143 1352 2178 fuisse
1372 2146 1415 2181 ah
1440 2143 1516 2179 aliis
1550 2144 1703 2192 Impera„

280 2207 281 2210 ’
332 2199 474 2235 toribus
512 2200 687 2247 probatur
728 2211 769 2234 ex
796 2196 866 2233 alio
894 2207 1070 2232 marmore
1097 2208 1117 2230 a
1147 2193 1309 2243 Lucterio
1356 2195 1524 2238 recitato,
1562 2207 1602 2228 ex
1626 2209 1703 2244 quo

333 2249 482 2299 quidem
508 2250 591 2285 satis
618 2251 783 2292 eruitur,
814 2246 1058 2282 Theodosium
1087 2245 1340 2294 imperatorem
1358 2245 1522 2284 refecisse
1543 2270 1553 2287 ,
1579 2258 1708 2295 quam-

335 2299 489 2349 vis·ipsa
516 2311 653 2350 semper
680 2299 814 2348 Appiae
842 2309 976 2336 nomen
1004 2295 1205 2342 retinuerit:
