1920 2579
359 137 437 181 ¹42

353 199 470 246 ptam
504 186 730 239 Latin-am,
763 195 810 228 ut
839 199 888 228 cx
919 184 1055 244 lapide
1086 185 1193 239 isto,
1225 184 1393 244 aliisque
1422 187 1517 230 satis
1548 187 1678 232 elucet
1707 213 1731 244 ,-

355 264 401 290 ea
434 257 599 288 tantum
635 246 864 288 differentia
884 276 896 300 ,
930 256 976 287 ut
1007 246 1206 288 elementa
1224 246 1384 289 diversa
1405 257 1567 290 tantum
1583 260 1727 293 essent⁴

468 306 546 348 Via
579 303 867 362 Sepulchralis,
901 304 952 347 de
985 319 1064 361 qua
1097 320 1228 361 usque
1259 306 1389 348 modo
1418 304 1548 348 locuti
1568 322 1727 362 sumus,

352 364 447 407 satis
482 365 637 406 indicat
670 365 889 420 Pompeios
921 363 1123 407 celebrem
1152 364 1396 421 Campaniae
1417 365 1563 407 urbem
1584 366 1726 420 fuisse,

352 438 446 464 cum
482 439 524 465 ea
558 423 659 464 nihil
691 421 949 480 spectabilius
982 423 1105 479 possit
1140 438 1223 465 esse
1238 422 1292 465 ob
1323 423 1633 480 sepulchrorum
1680 426 1733 468 faa

352 482 484 524 bricas
515 491 623 524 recte
656 491 939 524 constructas:
972 482 1055 538 ipsa
1075 482 1181 523 enim
1198 493 1466 525 monumenta
1492 485 1586 526 satis
1612 485 1733 526 etiam

351 541 673 593 demonstrant,
709 555 837 597 quam
884 540 1034 582 nobilis
1067 556 1153 583 csse
1183 540 1357 584 debebat
1385 542 1521 598 Appia
1573 543 1732 586 viarum

350 600 527 657 regina,
564 611 668 658 quae
699 598 861 642 infinita
892 600 1043 657 passim
1076 598 1291 656 sepulchra
1320 598 1508 643 habebat.
1544 601 1586 643 Si
1620 603 1729 643 enim

351 659 464 715 apud
503 660 719 716 Pompeios
751 660 1036 702 Romanorum
1068 658 1287 700 Coloniam
1307 667 1368 699 tot
1388 658 1556 700 aderant
1574 662 1729 715 magni⁴=

351 717 571 771 fieenu'ae,
604 732 804 774 quasnam
836 718 966 761 Roma
998 719 1084 773 ipsa
1115 727 1237 771 caput
1270 716 1381 757 orbis
1414 718 1621 758 continere
1653 718 1722 760 de·

352 776 510 819 bebat?
541 776 598 816 Et
629 789 671 816 re
702 774 871 832 quidem
904 789 997 816 vera
1031 776 1071 816 in
1105 773 1181 815 hac
1214 773 1325 818 urbis
1357 785 1472 832 parte
1521 775 1620 817 nihil
1654 776 1729 819 ele-

350 836 512 891 gantius
546 833 853 875 advenientium
886 844 1023 889 potest
1057 833 1112 876 ob
1143 833 1282 875 oculos
1306 834 1613 891 repraesentari,
1637 850 1733 878 cum

350 895 535 952 primum
571 894 632 935 via
667 894 819 948 longa,
856 908 986 949 eaque
1015 902 1148 945 recta,
1180 907 1284 949 qnae
1316 908 1338 934 a
1371 892 1623 949 Sepulchrali
1654 896 1733 935 ini-

348 956 458 996 tium
490 966 656 994 sumens
687 950 738 993 ad
772 949 884 992 urbis
916 952 1154 992 interiorem
1188 960 1346 1005 partem
1379 950 1649 1008 perveniebat·
1670 955 1731 994 Ex

350 1023 530 1068 utroque
563 1011 674 1052 enim
705 1010 831 1052 latere
862 1009 1076 1068 sepulchra
1109 1009 1258 1065 passim
1293 1010 1466 1065 eleganti
1496 1020 1729 1052 constructa

342 1071 476 1112 forma
511 1069 776 1121 visebantur,
809 1069 870 1110 uti
900 1068 1204 1124 descripsimus.
1225 1068 1414 1109 Porticus
1434 1067 1554 1108 etiam
1580 1078 1730 1109 utram-

342 1144 424 1185 que
457 1129 541 1170 viae
572 1140 728 1186 partem
762 1127 1016 1170 nobilissima
1034 1124 1284 1180 exornabat3
1316 1139 1442 1182 eaque
1464 1125 1722 1179 utarbitror,

341 1188 395 1230 ad
427 1188 704 1244 opidanorum
737 1187 1011 1230 commodum
1043 1183 1248 1235 condita,
1284 1199 1373 1242 quo
1404 1184 1551 1226 iisdem
1586 1185 1726 1228 ambu-

343 1247 456 1290 landi
508 1247 864 1304 opportunitatem
913 1245 1039 1288 daret.
1086 1243 1133 1286 In
1165 1243 1350 1285 interiori
1383 1258 1480 1285 vero
1539 1244 1733 1287 Porticus.

342 1317 462 1366 parte
496 1307 684 1348 tabernae
717 1303 852 1361 plures
883 1313 997 1347 erant
1018 1334 1030 1355 ‚
1062 1305 1104 1344 in
1137 1301 1291 1360 quibus
1323 1302 1564 1360 Pompeiani
1616 1303 1724 1345 cives

344 1378 453 1409 extra
496 1365 783 1422 pomoerium,
836 1364 870 1406 si
901 1361 1113 1406 nundinae
1160 1361 1457 1413 advenissent,
1509 1361 1723 1404 cuiuscun‹

344 1440 428 1484 que
466 1425 523 1468 rei
574 1438 727 1466 merces
779 1423 1015 1466 concivibus
1074 1419 1370 1464 venundarent.
1420 1419 1731 1478 Sepulchralem

345 1486 452 1527 hanc
483 1484 593 1526 viam
624 1495 708 1524 non
742 1483 878 1524 solum
909 1482 1130 1534 Porticus,
1162 1478 1227 1522 vel
1278 1479 1494 1537 sepulchra
1518 1511 1530 1530 ‚
1584 1494 1732 1529 verum

345 1544 468 1586 ctiam
499 1542 700 1585 nonnulla
749 1540 822 1582 alia
856 1539 1113 1584 exornabant
1144 1537 1331 1583 aedificia
1356 1571 1368 1589 ,
1402 1549 1448 1580 ut
1483 1537 1622 1579 videre
1657 1538 1726 1579 ad·

345 1603 429 1644 huc
477 1611 546 1642 est.
598 1599 779 1641 Mediam
812 1600 918 1640 hanc
950 1600 1118 1653 longam
1149 1599 1257 1638 viam
1311 1597 1424 1637 urbis
1475 1606 1596 1653 porta
1631 1610 1731 1639 cum

344 1661 520 1704 moeniis
552 1656 868 1700 condecorabat.
902 1657 1016 1697 Nihil
1049 1654 1292 1712 praeclarius
1325 1654 1402 1695 hac
1449 1653 1565 1696 urbis
1616 1665 1734 1710 parte

346 1730 481 1776 potest
514 1733 597 1759 esse
617 1747 629 1768 ‚
662 1716 778 1758 cuius
811 1716 996 1773 quamvis
1031 1713 1229 1756 nonnulla
1261 1728 1353 1770 pars
1385 1722 1511 1755 restat
1538 1745 1551 1763 ,
1590 1722 1727 1755 tamen

347 1779 443 1820 satis
474 1777 764 1826 demonstrat,
817 1774 928 1815 urbis
974 1773 1222 1815 interiorem
1261 1782 1418 1827 partem
1463 1771 1586 1813 fuisse
1634 1773 1733 1815 satis

348 1837 572 1892 elegantem
594 1866 605 1884 ,
652 1832 901 1890 pulchram,
956 1842 1080 1889 atque
1111 1829 1303 1873 nobilem.
1351 1831 1582 1873 Observata
1631 1844 1730 1873 vero

348 1896 521 1951 dignum
556 1903 635 1946 est,
666 1891 772 1935 hanc
804 1886 972 1936 omnem
1004 1890 1119 1948 opidi
1153 1889 1401 1946 descriptam
1417 1898 1580 1946 partem
1598 1889 1724 1930 fnisse

348 1964 442 2011 post
473 1952 650 1996 Neronis
682 1962 999 1993 terrraemotum
1029 1947 1230 1992 sexdecim
1261 1963 1391 1990 annos
1421 1957 1514 1988 aute
1569 1946 1724 1989 confla-

350 2012 579 2068 grationem
609 2009 848 2054 derelictam
866 2041 879 2060 ,
910 2024 1005 2051 cum
1038 2009 1144 2051 cives
1176 2006 1288 2048 urbis
1317 2005 1489 2049 fabricas
1511 2015 1629 2048 motu
1648 2014 1729 2048 ter-

351 2087 419 2113 rae
448 2072 658 2127 conlapsas
690 2068 957 2112 deseruerunt
986 2076 1142 2123 praeter
1175 2079 1349 2121 paucas,
1397 2079 1503 2121 quae
1534 2065 1576 2106 in
1609 2073 1728 2122 parte

350 2139 597 2174 restauratae
628 2129 808 2170 fuerunt.
846 2128 991 2168 Vnum
1022 2123 1137 2181 quod
1169 2123 1296 2179 magis
1325 2122 1586 2165 admirationi
1633 2124 1725 2164 cui-

353 2205 433 2249 que
462 2187 584 2229 debet
615 2200 697 2228 esse
717 2218 729 2241 ,
761 2196 821 2228 est
851 2184 954 2226 illud
985 2182 1098 2242 quod
1128 2183 1169 2223 in
1204 2183 1278 2224 hac
1329 2182 1441 2225 urbis
1486 2192 1601 2240 parte
1623 2214 1637 2234 ,
1690 2191 1730 2223 et

355 2252 478 2292 etiam
510 2248 552 2288 in
583 2255 794 2303 posterum
825 2244 912 2286 aliis
946 2244 986 2285 in
1020 2243 1121 2288 locisv
1151 2240 1377 2287 videndum
1396 2273 1414 2295 ,
1451 2241 1570 2298 quod
1600 2243 1724 2289 Pom-

357 2307 493 2368 peiani
526 2306 631 2352 cives
663 2314 755 2361 post
787 2304 960 2364 primam
996 2301 1368 2360 conflagrationem*
1391 2301 1658 2347 nonnullisin
1678 2300 1740 2343 10·.
