1920 2579
363 157 449 185 212

364 217 443 258 pua
474 202 524 245 ad
557 203 712 247 Cumas
746 203 831 246 erat
863 204 1019 248 XXVI.
1052 205 1214 249 circiter
1253 204 1311 248 M.
1343 205 1388 247 P.
1413 205 1454 248 in
1483 205 1586 249 duos
1617 204 1721 249 sedi·

359 259 498 303 videns
538 276 684 304 ramos.

476 319 541 363 Ab
572 321 646 362 ista
679 319 788 363 haud
819 319 961 378 procul
993 320 1130 364 aberat
1159 321 1369 379 Campana
1405 323 1482 367 via.
1535 323 1620 366 Iam
1656 338 1722 365 su·

128 373 136 394 ³
163 381 167 383 “
197 374 335 407 ‘³'³¹¹²¹'³¹¹³·
356 391 428 433 pra
468 377 644 420 diximue
671 410 683 431 ,
719 379 992 422 Domitianam
1020 380 1209 423 Puteolos
1240 380 1449 437 pervenire
1479 382 1589 424 iuxta
1621 381 1722 438 Tyr-

354 435 469 477 rheni
501 437 623 480 maris
651 438 757 479 litus.
790 439 853 482 Eo
886 438 965 481 loci
996 438 1231 481 Domitiana
1262 439 1304 480 in
1338 439 1593 496 Campanam
1630 456 1719 496 per·

346 492 463 547 gebat
496 495 603 540 viam
637 510 720 538 non
756 496 959 554 amplius,
999 512 1123 552 quam
1158 511 1306 553 paucos
1338 513 1477 553 passus
1509 515 1635 554 usque
1667 498 1718 539 ad

344 566 439 594 eum
469 551 630 607 locum,
663 555 733 597 ubi
765 555 944 610 adsurgit
975 556 1042 596 SS.
1077 555 1255 611 Virginis
1289 555 1437 599 Mariae
1485 557 1533 599 ab
1586 559 1718 611 Ange-

343 609 383 650 lo
420 610 613 656 salutatae
634 613 751 654 aedes
776 631 796 655 a
848 614 969 654 Petro
1006 613 1208 653 Toletano
1262 613 1424 655 condita
1477 626 1565 671 post
1612 615 1716 656 Novi

342 670 497 711 Montis
525 672 793 726 eruptionem.
832 672 940 712 Hinc
973 671 1203 710 Domitiana
1255 682 1361 711 recte
1406 687 1476 727 per
1524 672 1712 713 Gaurum

342 728 425 770 ibat
461 740 670 779 montem⁷
704 740 742 769 et
775 729 982 784 Campana
1019 744 1088 783 pei·
1120 727 1255 769 locum
1277 760 1288 781 ,
1320 745 1443 785 quem
1480 731 1632 772 incolae
1648 747 1719 787 ap-

340 785 492 841 pellant
512 787 555 828 S.
580 787 680 829 Viro
709 788 780 843 qui
800 786 926 827 distat
945 786 1016 828 ΙΙΙ.
1049 802 1070 826 a
1090 785 1267 827 Puteolis
1291 787 1490 829 milliaria.
1511 787 1718 844 Campana

340 860 436 887 vero
458 845 519 884 via
554 846 714 886 initium
749 847 933 888 sumebat
968 861 989 885 a
1029 857 1143 900 porta
1194 846 1402 901 Campana
1426 877 1437 898 ‚
1493 861 1596 903 quae
1647 863 1716 903 pa-

340 918 430 944 rum
465 903 586 945 distat
619 904 667 944 ab
701 904 1049 960 Amphitheatro,
1103 904 1215 958 quod
1251 919 1358 944 nunc
1419 915 1539 946 restat
1587 919 1715 961 prope

338 962 375 1002 S.
413 962 545 1003 iacobi
574 964 762 1019 Apostoli
800 963 1036 1003 Ecclesiam.
1096 963 1210 1002 Dicta
1243 963 1318 1003 fuir.
1350 963 1557 1019 Campana
1591 963 1658 1017 (ι)
1696 994 1707 1018 .,

336 1019 449 1074 qnod
483 1035 503 1059 a
538 1021 716 1063 Puteolis
771 1020 958 1075 Capuam
1017 1020 1210 1061 viatorem
1270 1021 1536 1075 perduceret,
1591 1038 1716 1078 eaque

336 1079 518 1118 dimitam
559 1079 636 1118 fuit
668 1080 784 1121 etiam
823 1077 1058 1120 Consularis
1080 1110 1090 1129 ,
1119 1081 1274 1134 quippe
1297 1094 1400 1134 quae
1452 1080 1714 1135 Reipublicae

337 1151 434 1175 aevo
472 1135 546 1175 fuit
584 1148 748 1191 aperta,
782 1147 822 1176 at
855 1136 1039 1191 quando,
1067 1137 1267 1176 incertum
1305 1148 1376 1177 est.
1409 1137 1600 1178 Eiusdem
1624 1140 1710 1178 lou-

336 1192 476 1247 gitudo
517 1209 537 1233 a
569 1196 747 1235 Puteolis
785 1195 968 1249 Capuam
1004 1209 1131 1248 usque
1175 1196 1266 1235 XX.
1307 1194 1466 1236 circiter·
1499 1195 1553 1235 Μ.
1596 1198 1639 1236 Ρ.
1673 1208 1711 1236 et

336 1268 356 1291 a
397 1253 533 1306 Capua
570 1252 622 1292 ad
659 1253 811 1294 Cumas
865 1251 958 1293 XX.
1018 1267 1211 1306 quoque:
1268 1252 1610 1308 quandoquidem
1668 1270 1711 1294 ea

337 1325 431 1349 eum
471 1311 521 1350 ad
553 1325 718 1366 campos
749 1309 1008 1367 perveniebat
1044 1309 1276 1359 Leborios,
1315 1310 1355 1350 in
1408 1310 1512 1350 duos
1559 1310 1713 1353 divide-

339 1368 458 1411 batur
512 1383 645 1410 ramos
677 1400 688 1420 ‚
740 1382 921 1425 quorum
982 1366 1082 1406 alter
1131 1367 1319 1417 Cumas,
1369 1367 1467 1408 alter
1524 1370 1712 1412 Puteolos

334 1426 431 1469 ibat.

451 1489 509 1526 Ex
549 1495 704 1525 vetusta
746 1484 930 1527 milliaria
964 1484 1151 1524 columna
1194 1483 1303 1525 xm.
1356 1484 1530 1525 indicata
1573 1501 1707 1528 nume·

433 1675 491 1722 ti)
518 1674 615 1708 Haec
646 1686 715 1708 non
742 1672 848 1708 aliam
880 1673 927 1709 ob
952 1681 1097 1706 causam
1124 1671 1308 1719 Campana
1338 1673 1405 1707 fnit
1431 1672 1629 1721 appellata,
1658 1674 1719 1709 nis

333 1726 360 1759 si
396 1723 494 1772 quod
533 1722 698 1771 Capuam
750 1730 948 1772 pergeret,
991 1721 1135 1757 nomine
1185 1721 1229 1756 ab
1265 1734 1306 1759 eo
1345 1722 1546 1771 desumpto.
1605 1723 1713 1760 Haud

334 1775 499 1822 quemvis
528 1773 645 1817 fallit,
674 1772 769 1822 apud
798 1774 961 1821 antiquos
991 1771 1202 1807 usuvenisse
1246 1784 1371 1822 magna
1412 1772 1539 1808 itinera
1582 1787 1601 1808 a
1640 1775 1713 1809 Ro-

343 1824 454 1858 manis
483 1831 603 1872 aperta
630 1823 686 1859 vel
714 1823 972 1872 Reipublicae,
1018 1821 1073 1855 vel
1118 1822 1309 1858 Caesarum
1343 1835 1457 1865 aevo,
1492 1836 1624 1858 nomen
1653 1824 1714 1859 de-

343 1886 533 1921 sumpsffisc
561 1874 606 1909 ab
634 1873 808 1917 urbibus,
840 1872 884 1908 ad
911 1885 1000 1922 quas
1028 1873 1253 1920 pergebant,
1283 1872 1340 1908 vel
1386 1873 1428 1908 ab
1469 1872 1677 1909 auctoribus
1700 1902 1711 1918 ,

342 1938 359 1959 a
389 1925 520 1972 quibus
547 1924 604 1960 vel
632 1930 797 1972 apertae,
827 1923 884 1960 vel
912 1923 1010 1959 silice
1039 1929 1236 1958 constratae
1249 1922 1409 1959 fuerunt.
1435 1920 1529 1957 Hinc
1556 1925 1711 1969 primum

342 1975 577 2010 ‹:e.u>sin1um
606 1981 680 2018 est,
711 1973 930 2022 Campanam
960 1987 978 2008 a
1007 1973 1128 2021 Capua
1167 1985 1298 2008 nomen
1335 1973 1524 2022 sumpsisse
1540 1971 1560 2016 ,⁴
1591 1973 1712 2021 Egna-

341 2024 426 2059 tiam
455 2024 498 2059 ab
527 2025 615 2060 urbe
643 2023 688 2059 ad
717 2035 825 2072 quam
853 2023 1015 2059 eundum
1059 2029 1166 2068 erat,
1209 2022 1442 2059 Tiburtinam
1482 2036 1501 2058 a
1544 2022 1677 2059 Tibure
1697 2051 1707 2068 ,

345 2074 543 2109 Atellanam
570 2075 613 2112 ab
639 2073 780 2111 Atellis.
808 2073 958 2110 Constat
985 2080 1108 2109 autem
1135 2072 1245 2109 fuisse
1290 2073 1377 2109 alias
1415 2073 1490 2109 vias
1528 2084 1621 2121 quae
1666 2074 1708 2109 ab

345 2124 552 2159 auctoribus
578 2136 711 2160 nomen
752 2131 966 2172 acceperunt
983 2150 993 2167 ,
1020 2124 1083 2174 qui
1113 2135 1169 2159 eas
1195 2124 1250 2160 vel
1277 2123 1351 2160 suis
1393 2129 1609 2171 aperuerunt
1643 2123 1710 2158 irn-

344 2173 478 2221 pensis,
507 2174 566 2210 vel
593 2174 752 2211 silicibus
780 2174 1037 2217 muniverunt,
1064 2187 1136 2223 quo
1166 2179 1325 2223 tempore
1349 2171 1582 2221 Reipublicae
1609 2185 1711 2222 prae-

344 2230 442 2259 erant
464 2249 475 2267 ‚
504 2231 543 2259 ut
572 2225 687 2274 Appia
708 2251 718 2268 ,
743 2222 922 2260 Flaminia
944 2253 954 2271 ,
983 2223 1129 2261 Aurelia
1146 2251 1156 2269 ,
1183 2224 1346 2274 aliaeque
1379 2235 1481 2274 quae·
1509 2222 1554 2259 ab
1590 2235 1714 2261 earum

343 2273 550 2310 auctoribus
577 2287 712 2312 nomen
737 2280 922 2314 mutuatae
947 2283 1046 2320 suntE
