1920 2579
265 179 449 237 primum
482 192 656 238 parvum
688 177 867 238 opidum
901 178 1054 222 exteris
1091 178 1390 223 mercatoribus
1425 177 1637 222 conditum

264 238 388 281 fuisse
426 236 646 281 arbitratur
668 239 937 293 pellegrinius
973 239 1083 282 Disc.
1114 238 1164 279 H.
1205 247 1307 294 part.
1348 241 1409 279 13.
1440 238 1477 280 A
1513 238 1631 281 Livio

267 296 333 339 lib.
366 296 509 338 XXV.
548 312 582 339 c.
624 310 674 339 20
702 306 895 340 narratur
930 296 1035 339 hanc
1069 310 1144 353 pro
1175 305 1406 352 opportuno
1426 311 1633 338 commer-

265 355 331 397 cio
366 353 705 404 reaedificatam,
750 365 793 399 et
829 355 1123 410 amplificatam
1153 354 1382 395 fortissimis
1423 354 1629 396 moeniisa

265 413 466 454 Romanis
490 413 612 456 fuisse
645 413 826 455 secundo
844 414 999 456 Punico
1015 413 1126 455 bello
1150 428 1271 455 causa
1289 413 1504 466 vectigalia
1527 427 1635 454 com-

265 470 459 520 meandi,
502 486 603 528 quae
642 487 663 513 a
701 471 910 524 Sardinia,
944 473 1191 528 Etruriaqne
1226 471 1549 527 proveniebant,
1588 471 1631 512 in

264 528 495 570 Casilinum
528 528 832 571 deducebantur
856 561 868 580 ‚
899 539 938 572 et
976 529 1140 572 tandem
1161 528 1210 571 ad
1238 538 1369 571 castra
1392 560 1404 579 ‚
1437 528 1534 571 dum
1551 530 1632 575 Cas

264 597 346 644 pua
382 587 597 629 obsidione
638 588 775 631 cincta
803 596 901 631 erat.

378 648 439 687 Ex
473 661 524 688 eo
560 655 747 702 tempore
775 662 797 688 a
831 646 1024 688 Romanis
1060 646 1276 688 Coloniam
1307 645 1495 687 effectam
1515 676 1527 696 2
1554 645 1631 688 ibi-

264 719 343 759 que
375 712 580 745 tercentos
627 704 817 746 homines
849 703 1044 746 deductos
1089 703 1226 759 prodit
1264 703 1373 744 idem
1416 704 1638 745 Pataviuns

262 761 484 803 historicus
523 762 592 802 lib.
626 762 839 804 XXXIV.
878 777 914 803 c.
959 761 1028 812 45.
1072 761 1297 802 Frontinus
1333 758 1405 800 lib.
1452 758 1501 800 de
1542 761 1633 802 Col„

266 821 324 860 sic
357 816 482 859 etiam
519 818 702 860 indicat:
743 819 991 860 Vulturnum
1031 832 1142 859 muro
1165 821 1346 870 ductum,
1365 817 1529 858 Colonia
1550 823 1630 859 ius-

263 893 306 917 su
337 877 591 932 Imperatoris
626 876 815 917 Caesaris
847 887 904 918 est
943 877 1128 918 deducta.
1149 878 1258 918 Hinc
1282 891 1327 916 ea
1350 875 1444 916 urbs
1468 876 1640 918 celebris

263 934 418 984 evasit,
455 933 593 991 ibique
629 943 769 990 postea
809 934 874 976 via
905 935 1141 975 Domitiana
1173 934 1286 975 silice
1313 933 1390 973 fuit
1413 943 1633 977 constrata.

262 991 530 1046 Pellegrinius
562 993 659 1033 loco
699 1000 794 1032 ante
831 992 898 1033 cit.
934 991 1069 1048 plures
1103 993 1247 1033 recitat
1280 989 1448 1047 lapideS,
1482 1006 1529 1032 ex
1549 993 1635 1048 qui-

264 1050 338 1095 bus
370 1050 517 1106 probat
540 1081 553 1100 ,
589 1056 694 1093 hanc
728 1064 868 1108 reapse
900 1050 1076 1091 extitisse
1098 1083 1112 1102 ,
1146 1065 1321 1104 suosque
1343 1048 1532 1090 habuisse
1552 1065 1640 1090 maa

265 1117 472 1165 gistratus.

319 1190 322 1191 ν
380 1166 472 1207 Hoc
499 1164 673 1223 opidum
708 1163 874 1207 tandem
911 1166 1041 1207 extitit
1079 1180 1207 1220 usque
1253 1163 1302 1206 ad
1338 1163 1378 1206 S.
1428 1164 1625 1220 Gregorii

262 1224 408 1280 Magni
442 1223 770 1274 Pontificatum,
803 1225 919 1267 cuins
957 1225 1040 1281 ipse
1080 1224 1271 1265 meminit
1314 1223 1356 1263 in
1390 1221 1633 1278 quibusdam

264 1282 446 1338 epistolis
474 1296 487 1332 ;
516 1281 758 1340 perdurasse
789 1297 917 1340 usque
954 1283 1003 1324 ad
1034 1270 1113 1324 hc'a'e
1149 1291 1313 1337 tempus
1332 1281 1459 1337 ipsius
1477 1280 1639 1337 magni—

263 1340 473 1383 ficentiam
506 1351 704 1393 constat,
749 1356 845 1382 cum
880 1339 1020 1388 sedem
1057 1341 1181 1382 etiam
1229 1339 1520 1396 Episcopalem
1565 1337 1640 1379 ha-

263 1399 412 1444 buerit.
447 1399 706 1454 Langobardi
739 1414 784 1441 ea
818 1397 922 1441 urbe
955 1398 1155 1441 dominati
1188 1398 1316 1439 fuere.
1338 1398 1550 1438 Vetustate
1569 1409 1641 1451 po-

277 1467 478 1500 stremum
500 1458 642 1508 ‚aeris
675 1457 962 1509 inclementia,
998 1467 1036 1498 et
1064 1474 1086 1501 a
1102 1457 1289 1499 Barbaris
1311 1454 1428 1499 Italia
1445 1455 1546 1512 igne
1565 1455 1643 1495 fer-2

277 1530 407 1573 roque
437 1525 623 1568 vastata,
656 1527 696 1560 et
734 1517 929 1574 populata
960 1516 1048 1558 fuit.

66 1589 132 1616 Savo
152 1585 254 1614 stuviua.
396 1573 502 1616 Savo
531 1590 642 1618 nunc
674 1576 825 1616 Sauone
858 1589 906 1616 ex
943 1573 1236 1616 Auruncorum
1271 1572 1405 1614 oriens
1435 1571 1644 1612 montibus

277 1630 359 1674 duo
396 1632 587 1674 milliaria
617 1649 639 1674 a
673 1634 886 1677 Vulturno
923 1632 1045 1672 distat
1076 1631 1258 1672 flumine.
1297 1631 1396 1671 Eius
1433 1643 1574 1671 cursus
1595 1627 1643 1667 ad

278 1701 373 1732 octo
409 1699 448 1731 et
475 1688 619 1731 decem
658 1690 786 1731 millia
826 1690 991 1734 circiter
1036 1703 1175 1746 passus
1223 1687 1483 1736 extenditur,
1524 1696 1562 1726 et
1604 1686 1644 1726 in

277 1747 541 1804 Tyrrhenum
574 1762 620 1790 se
657 1757 852 1790 exonerat
884 1764 1009 1789 mare.
1047 1748 1197 1789 Statius
1233 1747 1331 1788 Silv.
1365 1745 1435 1786 lib.
1467 1744 1539 1784 IV.
1562 1760 1644 1786 car.

281 1810 307 1848 3
342 1816 383 1849 et
422 1806 577 1848 Plinius
609 1805 715 1850 Hist.
753 1808 848 1847 Nat.
887 1807 960 1848 lib.
996 1805 1066 1846 ΙΙΙ.
1102 1821 1137 1847 c.
1160 1806 1183 1845 5
1207 1803 1458 1845 mentionem
1475 1801 1645 1844 faciunt.

282 1864 412 1922 Super
443 1865 645 1908 savonem
681 1879 784 1921 pons
802 1862 938 1906 aderat
960 1864 1198 1916 Campanus
1231 1862 1285 1903 ita
1305 1861 1452 1910 dictus,
1473 1875 1552 1914 qua
1573 1859 1646 1900 Ca-

281 1937 406 1978 puam
442 1921 630 1966 adibatur
663 1938 737 1980 per
769 1923 878 1966 viam
910 1921 1088 1978 Appiam
1122 1921 1310 1961 Suessam
1333 1919 1439 1959 inter
1460 1948 1472 1967 ,
1505 1926 1545 1958 et
1575 1919 1645 1957 Po·

281 1980 368 2037 pilii
403 1981 559 2022 Forum
581 2016 594 2033 ,
629 1982 697 2037 qui
730 1990 831 2037 pons
866 1979 1083 2034 exurgebat
1097 1977 1230 2021 adhuc
1252 1978 1358 2019 circa
1380 1974 1505 2018 finem
1526 1989 1647 2031 quar-

282 2039 314 2079 ti-
342 2039 508 2081 saeculi.

52 2120 124 2145 noua
144 2119 282 2146 Massicus.
402 2096 501 2142 Non
533 2097 679 2145 procul
708 2096 758 2138 ab
792 2095 875 2138 hoc
912 2094 1083 2137 flumine
1119 2104 1178 2137 est
1211 2092 1412 2136 Massicus
1433 2106 1566 2141 mone,
1598 2089 1647 2133 ad

278 2155 397 2198 cuius
435 2154 593 2197 radices
624 2153 701 2198 fuit
720 2153 815 2197 urbs
831 2153 1046 2204 Sinuessa,
1082 2168 1189 2195 nunc
1207 2152 1497 2207 ,Montrczgonffi
1529 2165 1644 2191 mons

281 2213 331 2256 ab
365 2213 513 2256 incolis
542 2213 584 2254 in
616 2211 939 2271 praesentiarum
975 2210 1126 2254 dicitur
1158 2216 1299 2253 Monte
1333 2211 1580 2264 Maggz‘ore‚
1611 2210 1649 2249 in

282 2287 362 2335 quo
400 2270 551 2320 fiebant
598 2271 756 2334 optima
790 2270 918 2324 vina,
967 2285 1070 2333 quse
1109 2270 1329 2330 Campanis
1367 2279 1504 2328 postea
1541 2267 1645 2311 vasis
