1920 2579
70 2283 111 2308 Χ

1477 120 1553 149 211

187 183 359 228 carum,
391 171 453 214 uti
483 169 696 229 praecipue
723 167 862 218 lucta,
899 167 1080 222 pugilatu
1102 196 1116 215 ,
1154 177 1272 205 cursu
1293 195 1307 215 ,
1346 164 1445 206 saltu
1473 196 1484 215 ,
1519 175 1557 206 et

190 234 331 275 disco:
367 231 477 273 unde
506 230 722 272 luctatores
741 258 755 278 ,
793 225 946 281 pugiles
967 256 980 275 ,
1013 238 1194 265 cursores
1214 254 1225 276 ⁷
1259 223 1478 275 saltatores,
1515 234 1554 263 et

189 291 390 334 diseobuti
423 289 544 344 vulgo
575 286 685 328 dicti.
720 284 900 340 Quidam
947 283 1197 324 arbitrantur
1244 277 1396 338 duplex
1446 282 1557 338 apud

189 350 481 407 Neapolitanos
513 346 772 389 pancratium
807 343 962 394 fuisse,
1008 341 1184 383 alterum
1229 356 1277 382 ex
1324 341 1465 391 lucta,
1521 351 1561 381 et

191 411 407 466 pugilatu3
438 408 613 447 alterum
647 404 937 446 volutatorium
959 433 968 451 ‚
1003 413 1041 443 et
1072 403 1203 443 luctae
1236 402 1408 456 speciem
1442 414 1558 455 prae-

188 469 372 508 seferens.
406 466 466 506 De
499 465 606 505 hisce
637 464 742 504 ludis
787 462 1021 504 consulatur
1071 460 1326 501 doctissimus
1371 459 1558 499 Potterus

191 525 458 578 Archaeolog-
495 523 639 564 Graec.
673 523 743 564 lib.
777 521 827 562 ΙΙ.
861 536 896 562 c·
928 533 978 561 21
1017 529 1055 561 et
1085 533 1194 575 seqq.
1227 529 1266 559 et
1314 517 1557 559 Lambertus

188 586 270 627 Bos
304 583 479 638 Autiqq.
510 581 655 623 Graec.
692 581 757 624 lib.
795 580 823 622 I.
858 595 889 621 e.
930 593 990 632 17.

304 640 431 682 Ludis
464 640 752 694 Augustalibus
787 639 904 680 etiam
936 635 1195 693 Neapolitani
1229 646 1324 677 sunt
1353 632 1556 686 delectati,
1580 632 1785 693 Ludilfsufflm'

191 699 262 756 qui
295 699 343 740 ab
376 698 519 739 iisdem
552 699 592 738 in
626 698 823 740 Antonini
857 697 1116 754 Imperatoris
1148 694 1297 736 fiebant
1317 696 1515 735 honorem
1541 724 1556 745 ,
1688 686 1697 695 ⁴

191 760 262 813 qui
298 757 346 797 ab
379 756 591 798 Hadriano
620 757 752 798 fuerat
782 756 1010 810 adoptatus.
1045 754 1099 795 Hi
1131 753 1217 795 ludi
1265 755 1564 808 Quinquenna-

195 817 252 856 les
284 826 431 864 erant,·
462 815 628 857 Tacitus
660 813 806 856 Annal.
840 814 907 857 lib.
941 813 971 855 l.
1006 811 1166 854 eosdem
1215 821 1509 852 commemorat
1553 843 1564 859 ,

199 888 302 929 quos
335 884 476 928 postea
507 889 528 913 a
560 884 702 914 senatu
735 883 879 914 octavo
911 886 1076 928 quoque
1107 885 1214 911 anno
1245 869 1437 910 celebrari
1491 870 1570 909 ius-

198 946 291 971 sum
322 940 408 970 est:
442 930 555 986 quod
586 931 752 985 quidem
785 930 933 970 accidit
964 929 1071 971 AEtio
1103 928 1338 978 Tuberone,
1366 938 1403 967 et
1426 930 1468 968 P.
1487 929 1563 968 Fa-

192 987 260 1028 bio
293 987 405 1029 Coss.
438 988 519 1044 Ipsi
552 990 733 1044 primum
766 988 943 1029 Puteolis
973 987 1107 1027 effecti
1139 985 1214 1027 sub
1246 986 1439 1027 Pialium
1488 999 1562 1025 no·-

190 1046 336 1096 mine,
367 1047 461 1101 quia
496 1045 729 1088 Hadrianus
761 1049 991 1103 Imperator
1037 1044 1141 1085 Baiis
1183 1059 1415 1099 supremam
1461 1043 1563 1084 obiit

193 1104 302 1146 diem
322 1134 334 1154 ,
367 1105 563 1162 cuiusque
593 1105 762 1146 cadaver
795 1115 931 1161 postea
964 1102 1154 1144 Puteolos
1199 1101 1415 1143 advectum
1464 1112 1555 1152 est,

194 1173 235 1204 et
266 1178 306 1202 in
339 1161 547 1205 Ciceronis
580 1164 799 1206 Academia
832 1162 1107 1216 tumulatum3
1141 1162 1352 1203 Puteolani
1384 1162 1424 1200 in
1458 1161 1560 1215 grati

191 1221 317 1262 animi
339 1231 531 1263 'amorem
562 1237 606 1263 ea
638 1224 856 1264 certamina
890 1220 1134 1271 ediderunt,
1165 1229 1204 1261 et
1252 1219 1302 1260 ab
1351 1220 1563 1262 Antonino

191 1279 390 1322 instituta·
424 1281 486 1321 De
518 1281 625 1322 hisce
671 1281 777 1323 ludis
824 1282 904 1337 agit
946 1282 1008 1323 Cl.
1059 1281 1222 1335 Ignarra
1274 1278 1324 1320 de
1366 1279 1563 1320 Palaestra

190 1339 363 1395 Neapol.
398 1338 474 1379 sub
506 1342 671 1381 nomine
700 1349 848 1391 Α’γώνοε
873 1350 930 1388 τῆς
956 1346 1150 1393 βοῦὲἱτσῖας.

309 1396 551 1439 Edebantur
582 1399 747 1454 insuper
778 1414 800 1440 a
835 1401 982 1440 nostris
1015 1398 1234 1440 maioribus
1249 1397 1339 1439 ludi
1361 1394 1552 1452 Ephebo-
1577 1397 1645 1426 1⁰³³
1663 1396 1793 1460 {phem

192 1470 299 1497 rum.
334 1455 429 1496 Hoc
457 1457 689 1500 certaminis
720 1473 844 1513 genus
877 1457 1086 1500 eGraecia
1103 1456 1179 1498 fuit
1198 1455 1555 1512 advectumtapud
1641 1443 1670 1461 η
1702 1453 1709 1460 ”

192 1516 300 1570 ipsos
335 1515 444 1555 enim
473 1514 653 1558 Graecos
687 1516 789 1556 tanti
823 1514 1140 1558 aestimabantur
1170 1515 1211 1555 hi
1256 1514 1375 1564 ludi,
1423 1525 1467 1554 ut
1511 1514 1563 1556 ad

190 1572 488 1628 rempublicam
523 1588 646 1617 nemo
677 1575 988 1627 admitteretur,
1021 1574 1098 1614 nisi
1132 1575 1172 1615 in
1193 1575 1270 1615 hoc
1292 1572 1561 1629 Epheborum

196 1642 315 1674 coetu
348 1631 521 1684 fuisset,
556 1643 595 1673 et
628 1633 704 1673 nisi
737 1635 797 1674 sui
829 1633 1115 1690 experientiam
1137 1633 1251 1689 prius
1268 1632 1434 1673 fecisset.
1452 1632 1560 1672 Hinc

199 1692 239 1731 in
273 1689 382 1729 hisce
413 1689 522 1731 ludis
553 1692 703 1746 pueri,
737 1704 773 1732 tt
807 1693 1111 1742 adolescentes,
1150 1690 1258 1734 unde
1289 1690 1451 1748 Ephebi
1474 1721 1486 1740 ,
1519 1692 1561 1731 in

195 1761 280 1788 uno
311 1748 531 1790 manebant
562 1751 650 1790 loco
682 1750 914 1793 addiscendi
947 1766 1078 1791 causa.
1111 1749 1219 1791 Cum
1255 1765 1348 1790 vero
1378 1748 1428 1788 ad
1471 1763 1561 1803 pro-

197 1805 416 1846 vectiorem
449 1808 723 1860 pervenissent
755 1819 951 1858 aetatem,
984 1823 1031 1848 ex
1063 1807 1124 1847 his
1169 1806 1416 1849 evadebant:
1454 1806 1562 1847 unde

194 1864 304 1920 apud
341 1862 511 1904 Latinos
542 1863 731 1906 dictum:
764 1882 824 1908 ex
853 1866 1026 1921 ephebis
1061 1865 1297 1906 discedere.

311 1921 571 1976 Lampadum
603 1922 723 1964 ludus
755 1940 774 1966 a
808 1924 972 1966 Graecis
1003 1931 1174 1967 Ε’λλωτια.
1201 1925 1253 1965 ab
1286 1922 1462 1966 Ellotide
1483 1923 1738 1974 vir-Lampsum,
1759 1945 1793 1965 ιω

193 1980 283 2034 gine
305 2012 317 2030 ‚
351 1994 498 2036 nempe
529 1981 713 2022 Minerva
746 1998 767 2023 a
801 1985 890 2025 loco
922 1984 962 2023 in
997 1998 1080 2038 q-uo
1130 1982 1366 2034 colebatur,
1405 1982 1555 2027 (lictus.
1649 1976 1705 2002 du*

194 2041 344 2080 Fertur
378 2038 612 2081 Diotimum
644 2042 955 2083 Atheniensium
989 2043 1122 2082 classis
1154 2042 1404 2097 praefectum
1428 2074 1441 2092 ,
1480 2041 1562 2083 bel-

190 2098 278 2138 lum
311 2112 405 2139 cum
440 2099 584 2141 Siculis
616 2111 839 2155 gerentem,
876 2099 1089 2158 Neapolim
1121 2101 1173 2141 ad
1205 2101 1482 2156 Parthenopes
1505 2117 1559 2141 se-

194 2155 415 2211 pulchrum
441 2189 453 2209 ,
481 2168 520 2198 et
552 2160 763 2202 oraculum
799 2161 1105 2216 commigrasse,
1140 2160 1391 2216 peractisque
1438 2161 1559 2201 sacris

196 2214 346 2256 festum
378 2217 566 2259 indixisse
586 2250 597 2272 ‚
628 2219 670 2258 in
702 2234 784 2276 quo
817 2218 1164 2260 iuvenes'facibus
1196 2219 1370 2260 accensis
1402 2233 1563 2260 currere

195 2272 409 2318 debebant.
444 2277 695 2338 Lycophron
730 2278 770 2320 in
817 2277 1041 2324 Cassandra
1091 2295 1128 2321 v.
1182 2278 1264 2332 730
1314 2280 1563 2335 Mopsopum

1174 2338 1196 2362 ‘k
