1920 2579
180 121 420 183 pervenisse.
452 116 582 174 quue
613 114 790 173 probant
823 114 1068 157 Vesuvianis
1101 110 1400 169 eruptionibus
1413 140 1437 162 ,.
1453 125 1558 168 quae

183 182 352 240 quidem
382 178 484 220 adeo
516 175 594 218 loci
626 174 768 216 faciem
801 174 1057 215 inverterunt
1080 203 1093 222 ,
1132 182 1181 213 ut
1215 170 1378 230 penitus
1409 169 1459 211 sit
1488 168 1563 210 alia

185 242 236 282 ab
268 239 434 295 antiqua
479 236 623 277 forma.
667 233 839 274 Vicinus
889 232 996 272 enim
1030 231 1244 273 Vesuvius
1277 229 1329 271 ob
1381 226 1562 269 assiduos

184 302 324 354 ignes,
357 307 396 338 et
436 305 574 336 motus
622 303 752 332 terrae
799 291 876 332 loci
913 290 1058 332 faeiem
1111 290 1325 345 antiquam
1374 287 1560 328 mutavit.

186 359 291 400 Sunt
321 356 441 396 etiam
473 353 544 409 qui
575 359 900 393 commonstrant
930 348 974 390 in
1023 347 1271 407 quibusdam
1311 345 1408 388 locis
1440 345 1560 387 maris

183 415 344 469 vestigia
364 444 375 465 ,
416 423 454 453 et
485 413 582 451 haec
613 408 844 451 communis
876 408 1110 451 accolarum
1143 406 1276 450 adhuc
1303 405 1470 449 traditio
1492 415 1562 446 est

190 473 341 517 Credat
373 470 545 514 Iudaeus
574 467 737 525 Apelles
759 499 774 519 ,
805 481 892 508 non
927 483 1017 525 ego.
1530 475 1532 478 ’

304 532 456 574 Parum
487 528 538 569 ab
566 527 770 584 descripta
800 524 904 569 urbe
937 527 1119 583 adsurgit
1150 526 1192 567 in
1235 525 1555 582 praesentiarum

187 592 305 638 ‚vicus
335 588 585 633 Pomilianus
626 586 679 628 ad
726 587 886 630 Arcum
920 586 1194 645 Pomigliano
1231 585 1273 625 d'
1311 584 1467 635 Areo,
1512 582 1565 624 ad

191 648 467 691 differentiam
498 646 718 688 Pomiliani
751 643 940 687 Atellani.
975 647 1104 701 Pagus
1135 644 1258 685 distat
1288 660 1309 685 a
1343 643 1450 685 Nola
1499 658 1565 684 sex

192 706 393 749 milliaria.
426 705 536 747 Hinc
567 703 809 745 crediderim
848 704 904 746 sic
935 703 1183 760 appellatum
1212 718 1235 743 a
1277 703 1568 758 Pompeiorum

194 775 345 821 gente,
383 779 484 822 quae
515 760 728 820 quondam
757 758 966 801 Nolanum
989 760 1159 802 incoluit
1174 775 1331 814 agrum.
1365 761 1456 806 Hoc
1474 775 1568 802 cou-

194 824 353 865 firmari
387 822 546 863 videtur
577 835 625 861 ex
653 820 727 861 illo
759 817 968 860 Ciceronis
984 819 1054 861 lib.
1087 818 1190 859 Xl‘ss
1208 817 1259 858 ad
1290 818 1416 861 Attio.
1455 836 1478 873 9
1500 817 1571 858 ubi

201 879 371 922 scribit:
405 881 545 922 Alicui
591 880 660 919 des
689 877 934 933 negotium,
985 883 1054 934 qui
1100 885 1269 930 quaerat
1313 880 1360 930 Q.
1411 879 1567 919 Faberii

184 938 381 993 'fundumx
413 939 603 991 numquis·
634 940 673 976 in
705 938 963 990 Pompeiano,
990 932 1359 974 Nolanovevenalts
1378 937 1463 975 sit?
1494 934 1568 975 Re-

200 994 436 1038 mondinius
467 994 537 1036 lib.
570 992 601 1034 I.
633 1008 667 1033 c.
708 994 745 1034 8·
778 991 955 1048 lapidem
990 989 1110 1032 affert
1132 1021 1146 1041 ‚
1178 990 1390 1046 creditque
1440 1006 1569 1047 quen-

192 1054 290 1095 dam
338 1052 585 1111 Campaniae
617 1050 889 1096 Consularem
920 1049 1044 1094 fuisse
1080 1059 1270 1092 vocatum
1302 1048 1566 1091 Barberieum

193 1113 503 1169 Pompeianum.

311 1173 545 1228 Antequam
597 1185 767 1213 manum
800 1169 851 1212 de
887 1169 1063 1222 tabula,
1114 1183 1245 1224 pauca
1302 1165 1475 1218 dicenda
1505 1183 1567 1209 su·
1626 1167 1747 1194 *²⁶¹⁶*

195 1228 366 1287 persunt
396 1230 447 1272 de
467 1229 714 1286 quibusdam
748 1228 892 1270 incerti
924 1229 1026 1270 situs
1060 1227 1224 1284 opidis,
1263 1241 1445 1285 quorum
1466 1240 1568 1268 non-

190 1287 302 1330 nulla
353 1288 395 1328 in
426 1288 650 1344 Campania
703 1288 959 1339 extiterunt3
990 1289 1051 1328 De
1099 1286 1192 1343 ipsis
1245 1301 1355 1327 nune
1386 1285 1451 1325 vix
1499 1301 1564 1327 no-

191 1361 286 1387 men
321 1357 470 1389 manet.
506 1348 569 1388 De
604 1348 743 1389 Veseri
774 1346 961 1404 primum
991 1346 1171 1388 occurrit
1219 1360 1365 1388 sermO.
1397 1345 1456 1384 Ea
1493 1360 1563 1385 ur-

191 1404 238 1445 bs
270 1403 320 1444 ad
354 1404 502 1446 montis
533 1405 702 1446 Vesuvii
735 1405 888 1446 radices
922 1405 1001 1446 fuit
1033 1420 1079 1445 ex
1112 1419 1155 1444 ea
1191 1414 1336 1459 parte,
1363 1416 1468 1459 quae
1486 1402 1563 1444 Ca-

190 1478 317 1518 puam
370 1463 563 1519 respicit:
597 1463 662 1504 alii
692 1461 943 1519 probabilius
990 1462 1164 1503 fluvium
1197 1462 1318 1502 fuisse
1369 1459 1559 1504 credunt.

194 1524 247 1562 Et
279 1536 321 1561 re
352 1536 446 1562 sane
475 1536 567 1562 vera
599 1520 788 1562 Aureli‘us
825 1522 968 1562 Victor
988 1553 1000 1571 ‚
1034 1521 1102 1578 qui
1135 1531 1281 1577 quarto
1313 1518 1453 1560 floruit
1476 1533 1560 1560 sae-

194 1578 324 1630 culo,
378 1579 474 1619 haec
525 1578 575 1620 de
617 1579 761 1620 Veseri
808 1579 949 1620 scribit
994 1579 1043 1620 de
1091 1580 1178 1620 Vir.
1211 1578 1363 1620 Illustr.
1402 1578 1564 1618 Consul

192 1636 302 1678 hello
345 1637 496 1678 Latino
541 1639 726 1695 conlega
759 1639 930 1679 Manlio
968 1638 1184 1694 Terquato
1206 1671 1220 1691 ‚
1257 1637 1408 1690 positis
1445 1636 1563 1690 apud

195 1694 394 1737 Veserim
419 1695 602 1748 fluvium
641 1697 807 1737 castris.
843 1699 904 1737 De
939 1696 1015 1738 hoc
1047 1696 1199 1736 Manlio
1249 1695 1461 1752 Torquato
1510 1695 1566 1735 lo-

1592 523 1629 549 Po
1640 522 1769 546 allisum-a

1601 559 1632 585 acl
1654 558 1759 583 sicum.

190 1882 261 1917 lam
289 1881 395 1917 etiam
422 1890 551 1929 quarto
579 1875 720 1917 saeculo
749 1881 878 1917 urbem
907 1881 1124 1918 maritimam
1151 1880 1273 1918 fuisse.
1295 1880 1413 1917 Adisis
1427 1880 1570 1924 etau-

191 1939 329 1967 ctorem
357 1931 435 1966 loco
455 1931 584 1968 citato.

289 1982 345 2017 Ad
374 1980 505 2015 calcem
535 1981 581 2017 ad
605 1979 698 2015 hanc
724 1981 952 2017 evertendam
978 1976 1209 2031 quorundam
1229 1982 1437 2030 opinionem
1454 1983 1568 2020 valeat

190 2031 283 2067 Livii
311 2032 373 2067 lib.
401 2030 543 2066 XXIII.
572 2045 602 2068 c.
633 2044 680 2067 αα
711 2030 838 2067 afferre
865 2034 1114 2068 auctoritatem
1138 2060 1148 2076 ,
1188 2031 1251 2080 qui
1289 2032 1340 2066 sic
1385 2031 1429 2066 de
1474 2033 1565 2068 Nola

189 2081 430 2117 Hannibalem
460 2081 590 2118 milites
618 2079 1039 2129 alloquenteminducit:
1069 2082 1295 2131 Expugnatc
1313 2080 1454 2117 Nolam
1470 2094 1569 2118 cam»

188 2139 343 2178 pestrem
369 2129 494 2167 urbem
521 2146 594 2169 non
606 2132 794 2180 flumine,
821 2145 894 2168 non
921 2135 1016 2168 mari
1042 2140 1192 2181 septam.
1221 2131 1276 2167 Ex
1303 2132 1436 2181 quibus
1452 2133 1569 2168 verbis

191 2180 274 2216 vide
294 2208 303 2224 ‚
328 2194 438 2231 quani
466 2181 560 2220 clare
586 2189 704 2232 pateat
730 2182 800 2220 hoc
826 2183 957 2221 falsum
986 2195 1059 2220 esse
1081 2210 1091 2228 ‚
1121 2181 1221 2233 quod
1247 2181 1338 2219 Nola
1369 2182 1567 2232 antiquitus

191 2230 349 2269 vicinum
377 2231 543 2271 babuerit
568 2242 686 2282 (nares.

313 2281 361 2327 T.
425 2282 464 2327 Ι.
1285 2283 1335 2326 13
