1920 2579
1452 168 1474 196 2

172 239 205 264 c.
245 222 314 274 46.
347 215 483 261 laudat
514 217 624 259 hunc
657 217 945 272 Imperatorem
966 246 976 266 ,
1010 213 1122 271 quod
1155 215 1382 256 Histriones
1414 164 1535 256 etia41192

174 295 247 321 suo
282 291 463 333 tempore
496 275 607 316 Italia
640 275 880 331 expulisset,
916 273 972 314 uti
1004 273 1185 314 homines
1217 272 1396 314 infames.

295 334 683 391 Amphitheatrum‚
716 335 971 383 Theatrum,
1006 343 1044 372 et
1076 331 1218 374 Circus
1251 331 1416 372 fuerunt
1448 332 1537 372 loca

176 407 333 450 praeter
359 393 468 444 alia,
504 392 571 431 ubi
604 391 857 448 impudicitia
902 391 951 430 ad
999 405 1199 431 excessum
1252 390 1462 445 pervenit:
1499 391 1537 429 in

179 454 285 494 hisce
317 452 425 493 enim
450 450 751 491 vconveniebant
782 463 921 489 omnes
942 480 953 498 ,
987 448 1055 488 sed
1088 459 1243 502 praeter
1274 459 1425 489 ceteros
1460 447 1531 498 illi,

177 511 247 567 qui
279 510 451 551 deorum
483 507 609 548 cultui
641 507 791 548 addicti
821 517 946 547 eraut.
980 507 1160 547 Vestales
1193 522 1294 562 quae
1326 506 1423 547 deae
1455 508 1540 547 Ve-

180 580 263 610 stae
297 578 469 609 sacratae
500 577 613 606 erant
637 596 650 616 ,
686 565 911 621 principem
944 564 1181 606 obtinebant
1214 567 1366 606 locum.

298 625 422 679 Quod
456 625 486 664 si
518 638 565 665 ex
607 623 938 679 Spectaculorum
979 622 1241 678 impudicitiis
1264 655 1274 675 ,
1307 623 1355 663 ad
1403 621 1540 663 crude·
1563 624 1775 673 Lud·¹³9¹‘¹d¹'³·

182 687 339 727 litatem
370 681 540 738 gradum
593 683 820 732 faciamus,
853 692 891 721 et
940 681 990 722 ad
1039 680 1348 722 delactationem
1391 681 1541 731 simul,
1617 668 1706 689 [ΘΗΜ

185 758 308 800 quam
342 741 517 783 Romani
540 740 810 797 percipiebant
829 741 867 780 in
891 741 1030 791 Circo,
1059 750 1096 780 et
1128 740 1440 795 Amphitheatro
1466 738 1480 796 (
1503 755 1547 779 ῃ.

184 803 227 843 bi
266 811 324 841 tot
355 800 481 840 millia
532 800 748 855 hominum
780 798 831 839 ad
861 797 1004 840 bestias
1024 830 1038 849 ,
1095 809 1133 839 et
1163 799 1213 839 ad
1251 798 1402 853 gladios
1435 797 1549 837 dam-

191 860 273 901 nati
294 874 408 914 saepe
426 859 590 898 fuerunt
622 856 637 913 )
660 856 767 897 baud
801 858 1027 912 negandum
1051 857 1140 906 erit,
1159 857 1256 913 quin
1277 856 1447 897 Romani
1471 855 1554 896 fue-

192 920 274 960 rint
296 916 571 958 crudelissimi.
590 916 736 956 Nonne
756 915 882 955 scelus
903 915 1177 956 saevissimum
1198 914 1272 954 fuit
1295 914 1410 965 illud,
1428 929 1559 969 quum

193 986 252 1018 tot
284 975 485 1015 humanae
519 974 705 1015 victimae
726 974 952 1029 saepissime
990 973 1142 1013 fuerint
1182 983 1406 1014 mactatae?
1441 982 1479 1013 et
1511 986 1557 1012 eo

195 1049 256 1076 res
289 1033 426 1083 veuit,
461 1043 506 1072 ut
539 1032 577 1072 in
611 1041 671 1072 tot
701 1031 836 1073 Italiae
870 1031 1037 1072 urbibus
1070 1031 1219 1072 fuerint
1252 1031 1425 1071 instituti
1474 1030 1561 1070 ludi

194 1091 426 1148 gladiatorii.
461 1090 724 1132 Praedicatur
756 1101 912 1147 praeter
943 1100 1094 1130 ceteros
1130 1089 1250 1129 ludus
1268 1088 1523 1142 gladiatorius
1550 1119 1561 1137 ,

195 1150 266 1206 qui
300 1149 463 1205 Capuae
509 1144 704 1198 extabat,
742 1147 811 1187 ubi
842 1147 1019 1188 ad2XX.
1053 1157 1092 1186 et
1122 1148 1298 1202 amplius
1334 1146 1458 1187 millia
1491 1146 1562 1186 ho-

200 1209 358 1248 minum
376 1206 545 1246 aderant
565 1236 575 1256 ,
605 1205 734 1260 quiin
758 1205 936 1262 saginam
953 1203 1169 1255 dabantur,
1185 1220 1267 1261 quo
1289 1204 1446 1261 quoties
1466 1219 1568 1260 opus

202 1265 322 1316 foret,
337 1263 388 1304 ad
420 1264 571 1304 civium
591 1266 875 1304 Romanorum
897 1262 1204 1304 delectationem
1225 1263 1265 1303 in
1300 1263 1569 1319 Amphithea-

202 1334 265 1364 tro
296 1321 523 1379 spectacula
555 1321 736 1363 ederent.
789 1322 912 1363 Mitto
945 1322 1123 1374 Spartaci
1155 1320 1385 1376 gladiatoris
1438 1322 1562 1361 histo-

201 1382 300 1422 riam
325 1412 337 1429 ,
372 1390 512 1436 utpote
545 1380 699 1419 cunctis
727 1381 942 1434 cognitam.
981 1379 1035 1419 Hi
1068 1378 1255 1420 homines
1302 1377 1570 1420 infelicissimi

205 1440 391 1480 omnium
422 1437 588 1492 quidem
628 1448 775 1490 erant,
807 1439 959 1493 quique
996 1436 1047 1476 ad
1081 1437 1156 1477 hoc
1189 1437 1427 1478 vilissimum
1478 1435 1573 1477 offi-

205 1498 312 1538 cium
347 1507 458 1536 erant
490 1496 699 1547 damnati,
733 1497 802 1551 qui
850 1494 985 1535 statim
1007 1509 1053 1535 ac
1089 1494 1282 1537 ludorum
1307 1496 1401 1536 albo
1435 1494 1571 1536 inscri-

211 1555 439 1603 bebantur,
472 1553 572 1594 adeo
607 1554 772 1595 lanistae
809 1562 923 1593 eraut
970 1553 1167 1603 subiecti,
1209 1564 1253 1593 ut
1305 1553 1354 1594 ad
1388 1568 1574 1609 quaeque

209 1614 380 1662 munia,
418 1627 541 1668 eaque
572 1612 759 1653 vliissima
791 1621 921 1652 essent
952 1612 1115 1653 addicti.
1150 1612 1271 1652 Extat
1303 1611 1436 1652 adhuc
1468 1611 1577 1667 apud

210 1673 448 1713 Petronium
499 1670 667 1728 Satyric.
699 1686 733 1711 c.
775 1682 852 1721 117
885 1670 1144 1711 iurisiurandi
1176 1670 1348 1710 for-mula
1371 1685 1392 1709 a
1427 1669 1574 1724 gladia-

215 1730 372 1772 toribus
403 1728 610 1783 adhibita,
644 1739 681 1768 et
700 1730 873 1769 lanistae·
900 1728 1019 1770 data:
1056 1728 1102 1769 In
1121 1730 1244 1771 Verbo
1263 1728 1477 1783 Eumolpi
1509 1743 1574 1768 sa-

217 1797 485 1829 cramentum
517 1786 748 1829 iuravimus
766 1818 778 1836 ‚
815 1792 882 1827 uri
903 1818 915 1836 ,
938 1787 1100 1827 vinciri
1119 1817 1130 1836 ‚
1167 1788 1385 1827 verberari
1404 1818 1413 1836 ,
1433 1789 1577 1837 ferro·

215 1861 296 1903 [μιε
337 1846 519 1895 necari,
564 1855 606 1885 et
657 1844 864 1903 quidquid
909 1845 1033 1887 aliud
1062 1844 1306 1899 Eumolpus
1349 1846 1575 1893 iussisset,

212 1914 429 1960 tamquam
485 1903 665 1959 legitimi
719 1902 983 1960 gladiatores
1030 1904 1199 1945 domino
1243 1917 1459 1957 corpora,
1490 1905 1577 1943 ani—

213 1977 392 2019 masque
431 1961 782 2017 religiosissimae
808 1960 1061 2003 addicimus.
1114 1962 1223 2002 Hinc
1271 1961 1379 2001 haud
1416 1962 1579 2016 permis-

210 2036 301 2060 sum
332 2031 413 2060 erat
450 2019 558 2059 hisce
589 2018 881 2060 infelicissimae
909 2021 1027 2061 sortis
1061 2019 1292 2060 hominibus
1337 2020 1500 2074 signum
1541 2035 1580 2059 a·

209 2078 348 2135 liquod
382 2077 442 2117 vel
473 2076 627 2118 timoris
648 2108 661 2127 ,
692 2079 754 2118 vel
786 2076 1071 2119 imbecillitatis
1090 2077 1313 2131 significare
1333 2093 1345 2114 ι
1368 2079 1464 2135 quin
1501 2080 1581 2118 imo

213 2139 243 2178 si
275 2135 474 2191 gladiator
503 2136 645 2194 aliquis
676 2136 715 2175 in
747 2136 1062 2192 Amphitheatro
1095 2135 1198 2177 foret
1228 2137 1427 2177 sauciatus
1448 2168 1458 2188 ‚
1494 2137 1577 2192 ipse

213 2210 262 2236 ne
294 2206 456 2252 questus
489 2196 653 2251 quidem
687 2195 850 2250 signum
898 2195 1109 2236 ostendere
1140 2204 1324 2252 poterat:
1361 2195 1455 2235 hinc
1504 2209 1574 2250 po-

213 2253 331 2309 pulus
370 2254 448 2294 hoc
495 2267 588 2295 casu
637 2253 912 2295 exclamabat:
981 2253 1179 2305 Occide,
1210 2269 1318 2303 ure,
1363 2255 1532 2295 verber-a
1563 2268 1571 2292 :

217 2326 349 2368 synar-’e
383 2321 469 2353 tam
504 2312 650 2356 timide
682 2314 860 2358 incurrit
891 2316 936 2355 in
978 2314 1179 2366 serrum?
1227 2311 1374 2367 Quare
1415 2327 1574 2372 gat-mn

331 2368 376 2409 T„
409 2369 476 2412 II.
1139 2389 1145 2392 ·
1232 2373 1287 2413 32
