1920 2579
120 232 229 280 missi
266 234 320 277 ob
352 227 609 278 Christianae
642 226 865 285 Religionis
883 225 1029 269 odium
1059 223 1110 268 ab
1131 219 1501 277 ethnicislmpera-

126 297 301 338 toribus.
1383 338 1390 345 .

236 351 481 394 Vulcanicas
514 346 701 389 materias
732 344 926 387 effudisse
958 341 1168 400 quondam
1200 341 1328 397 ipsam
1381 353 1491 378 insu-

118 413 200 451 lam
233 411 422 452 creditur.
457 411 608 449 Parum
641 404 802 446 tandem
836 403 984 444 abhinc
1014 403 1128 442 annis
1150 398 1279 441 insula
1313 397 1389 438 fuit
1422 397 1493 436 ha-

122 470 243 509 bitata
265 500 275 520 ‚
308 483 402 509 cnm
434 477 550 506 antea
579 465 736 505 deserta
769 474 882 504 erat:
915 476 1085 518 parvum
1121 460 1241 500 habe-t
1289 468 1453 514 portum
1476 485 1490 505 ‚

121 539 159 568 et
194 526 348 567 incolae
381 526 534 580 piscatu
559 555 573 574 ,
605 534 643 564 et
678 522 916 577 agricultura
955 520 1110 560 vivunt.

240 586 283 626 In
319 584 462 625 eodem
495 583 585 623 sinu
617 581 774 622 obiacet
805 578 931 620 insula
966 579 1107 619 Pontia
1131 607 1146 628 ,
1190 590 1314 631 quam
1363 572 1500 613 Ponza

122 644 310 684 dicimus.
341 642 453 683 Haec
483 642 524 681 in
559 639 709 681 finibus
741 649 800 681 est
832 635 1091 693 Neapolitani
1124 634 1234 689 regni
1254 647 1335 675 non
1353 629 1498 688 procul

123 718 143 743 a
177 702 334 743 Circeio
369 699 656 756 promontorio
678 729 690 748 ,
723 698 928 752 habetque
961 693 1197 752 quindecim
1230 692 1355 733 millia
1409 705 1496 745 pas-

127 775 248 801 suum
283 760 321 798 in
354 759 561 806 circuitu,
598 766 739 811 estque
772 755 1029 796 feracissima.
1063 753 1109 792 In
1158 751 1328 792 eandem
1380 746 1499 789 Colo-

125 819 231 860 niam
269 807 486 856 deductam
521 828 568 854 ex
601 813 795 854 Patavino
827 811 1020 852 historico
1052 810 1269 850 ediscimus
1314 808 1385 849 lib.
1424 807 1501 848 IX.

124 892 158 915 n.
196 891 263 930 29.
299 873 483 928 Sequiori
520 885 618 912 aevo
650 871 876 912 celebratur
909 869 960 910 ob
994 869 1123 908 varios
1137 879 1224 908 tum
1246 865 1401 909 nobiles
1419 867 1502 908 Ro-

125 946 300 980 manos,
341 941 429 970 turn
464 929 718 969 Christianos
751 928 806 967 ibi
840 927 1036 979 relegatos
1069 925 1119 965 ab
1169 924 1504 979 Imperatoribus.

124 989 233 1028 Inter
264 997 417 1027 ceteros
448 1002 468 1026 a
502 987 667 1026 Nerone
701 984 817 1025 exilio
863 983 942 1025 fuit
989 982 1185 1023 multatus
1234 982 1505 1023 Germanicus

122 1060 246 1102 nepos
270 1077 280 1095 ‚
313 1046 384 1101 qui
419 1042 571 1086 ibidem
605 1043 875 1085 voluntariam
905 1040 1077 1098 oppetiit
1113 1051 1301 1082 mortem.
1337 1039 1381 1080 In
1415 1055 1507 1081 ean-

123 1104 219 1144 dem
253 1103 331 1143 suit
364 1102 506 1159 pulsus
537 1100 728 1142 silverius
776 1100 965 1143 Pontifex
1008 1100 1249 1141 Theodorae
1299 1101 1508 1155 Augustae

125 1164 232 1202 iussu
253 1193 268 1213 ,
306 1161 442 1217 ibique
476 1160 592 1202 obiit.
625 1158 780 1201 Ibidem
813 1160 971 1201 Nereus
993 1190 1003 1209 ‚
1057 1169 1096 1199 et
1145 1158 1367 1216 Achylleus
1408 1172 1506 1199 cum

127 1221 261 1262 Flavia
299 1218 508 1264 Domitilla
531 1250 542 1272 ,
576 1218 690 1259 cuius
723 1229 838 1263 erant
871 1217 1081 1267 eunuchi,
1115 1217 1184 1258 ubi
1215 1218 1383 1272 longum
1430 1232 1506 1273 pro

131 1278 297 1320 Christo
329 1278 493 1319 exilium
527 1276 661 1334 passi,
697 1287 736 1318 et
767 1277 932 1318 tandem
965 1276 1096 1332 capite
1127 1287 1221 1317 sunt
1254 1276 1375 1332 plexi.
1395 1277 1506 1317 Duas

124 1338 288 1391 insuper
320 1336 442 1377 fuisse
475 1335 634 1377 Flavias
667 1336 898 1377 Domitillas
921 1366 934 1385 ‚
966 1352 1070 1392 quae
1104 1335 1209 1377 exilii
1244 1349 1374 1390 poena
1393 1334 1506 1376 fuere

125 1396 320 1438 multatae
353 1405 520 1437 narrant
556 1394 856 1436 Ecclesiasticae
888 1394 1079 1435 historiae
1110 1395 1349 1449 scriptores:
1383 1395 1507 1435 altera

124 1452 255 1495 Flavii
287 1453 512 1495 Clementis
548 1467 682 1504 uxor,
729 1453 959 1494 Domitiani
1007 1452 1275 1510 Imperatoris
1326 1462 1465 1510 neptes
1490 1484 1503 1504 ‚

126 1526 250 1567 quam
281 1512 322 1552 in
357 1510 642 1553 Pandatariam
675 1511 875 1567 religionis
908 1525 1023 1553 causa
1038 1512 1239 1566 relegavit:
1263 1511 1387 1552 altera
1407 1511 1508 1552 eius-

125 1569 222 1611 dem'
253 1569 381 1611 Flavii
415 1586 460 1612 ex
491 1585 628 1612 sorore
660 1580 801 1626 neptes
824 1601 839 1622 ,
875 1585 979 1626 qnae
1011 1569 1052 1610 in
1074 1573 1262 1612 Pontiam
1281 1569 1356 1611 fuit
1372 1569 1504 1612 missa.

243 1628 364 1669 Plura
395 1628 545 1669 adhaec
578 1629 832 1685 antiquitatis
863 1627 1011 1669 rudera
1043 1629 1098 1672 ibi
1131 1628 1308 1683 effossa,
1340 1640 1380 1670 et
1394 1644 1507 1686 prae-

128 1686 269 1729 sertim
300 1686 561 1737 numismata.
593 1688 652 1730 Re
682 1702 777 1728 sane
810 1702 907 1728 vera
941 1698 1092 1729 restant
1124 1687 1261 1730 adhuc
1293 1688 1506 1729 ruinarum

128 1743 338 1784 aedificia:
373 1744 528 1786 incolae
562 1744 766 1800 appellant
797 1747 936 1801 Bagai
967 1748 1013 1787 di
1046 1748 1197 1790 Pilato.
1249 1746 1313 1788 Ab
1363 1745 1507 1788 iisdem

133 1800 330 1855 indigenis
363 1802 638 1842 ostenduntur
670 1802 803 1845 adhue
841 1805 879 1843 S.
913 1804 1152 1845 Domitillae
1183 1814 1384 1859 cryptae,
1436 1803 1507 1845 ubi

131 1859 340 1902 habitavit.
373 1859 509 1900 Insula
542 1870 708 1913 portum
740 1861 860 1902 habet
882 1891 895 1910 ,
928 1873 966 1902 et
998 1876 1133 1902 arcem
1163 1861 1347 1904 validam.

243 1919 366 1958 Anno
399 1933 493 1960 vero
525 1917 796 1960 DCCCXIII.
831 1920 1049 1961 Saracenos
1067 1919 1240 1961 insulam
1296 1919 1506 1975 praedatus

136 1990 217 2016 esse
250 1990 298 2016 ex
327 1976 500 2017 historia
533 1987 794 2031 compertum
825 1978 1038 2021 habemus.
1091 1980 1129 2020 A
1174 1978 1290 2018 variis
1324 1989 1508 2035 postmo-

129 2033 228 2074 dum
263 2033 450 2088 gentibus
485 2034 661 2091 sequiori
694 2048 792 2078 aevo
823 2036 902 2077 fuit
934 2038 1156 2093 populata,
1191 2046 1232 2077 et
1263 2047 1460 2091 occupata
1484 2054 1506 2079 a

129 2091 277 2133 Turcis
303 2095 542 2149 praesertim
576 2108 684 2135 anno
718 2096 978 2139 MDXXXII.
1000 2095 1235 2137 Hodiedum
1256 2095 1399 2137 sterilis
1416 2107 1501 2146 est,

128 2160 167 2190 et
199 2151 263 2193 vit
295 2154 409 2207 pauci
445 2154 658 2204 incolunt,
692 2155 762 2211 qui
796 2156 1034 2210 piscatoriae
1066 2155 1140 2196 arti
1188 2165 1283 2194 snnt
1334 2154 1504 2196 addicti.

128 2208 325 2250 Vicinum
358 2226 465 2252 mare
498 2212 703 2268 exquisitis
735 2212 917 2256 abundat
950 2214 1139 2270 piscibus.
1191 2213 1345 2255 Plinius
1393 2214 1501 2257 Hist.

130 2268 223 2308 Nat.
252 2267 325 2368 2¹1¹}-
358 2268 428 2371 {IL
463 2286 500 2312 c.
536 2287 557 2312 2
581 2273 830 2320 mentionem
862 2272 956 2317 facit
989 2275 1106 2333 piscis
1138 2273 1349 2314 cuiusdam
1374 2273 1502 2314 nomi-

286 2357 297 2366 ι
380 2360 388 2370 ,
1211 2349 1239 2389 9

1572 566 1672 592 Pontia.
