1920 2579
378 122 462 165 ·108

154 178 247 206 rma
268 179 378 210 Octava.
497 181 733 238 Antequam
767 179 818 223 ad
849 180 926 224 alia
957 178 1298 241 progrediamur,
1333 190 1505 235 verbum
1540 210 1669 239 unum
1685 212 1752 253 ap·

376 239 541 296 pingere
572 255 693 281 curae
725 240 776 281 sit
808 239 858 282 de
891 242 980 283 vico
1001 272 1016 293 ,
1045 258 1169 299 quem
1197 249 1405 302 appellant
1437 252 1605 296 Turrim
1621 259 1746 297 Octa·

371 313 460 339 vam
481 329 493 352 ‚
531 300 657 356 vulgo
689 300 733 339 la,
774 299 911 340 Torre
941 300 1016 341 del
1049 302 1199 344 Greco·
1231 307 1311 348 Hic
1343 309 1571 354 hodiedum
1606 325 1665 355 cst
1682 330 1747 355 ce-

369 356 480 398 leber
509 372 592 398 non
625 359 762 398 solum
795 358 849 400 ob
881 360 1027 416 populi
1059 361 1334 418 frequentiam
1383 369 1404 424 (
1451 384 1547 411 nam
1599 372 1747 414 urbem

370 416 508 472 potius
528 417 727 472 appellem
761 416 820 458 fas
849 428 911 458 est
943 417 998 459 ob
1028 419 1310 465 aedificiorum
1329 427 1670 483 magnificentiam
1715 441 1755 471 et

370 475 602 516 accolarum
631 476 928 518 commercium
962 479 1386 537 opportunissimum,
1422 487 1536 542 quod
1568 463 1754 531 exerc'ent

372 533 483 598 ultro
518 534 704 590 citroque
735 550 833 576 cum
862 534 1094 594 longinquis
1125 540 1312 592 gentibus
1342 541 1360 599 J
1395 560 1536 587 verum
1556 549 1677 588 etiam
1699 547 1754 588 Ob

370 591 549 634 assiduas
583 591 834 634 Vesuvianas
866 594 1229 652 conflagrationes,
1273 616 1377 657 quae
1423 603 1592 647 hujusce
1637 606 1750 647 urbig

367 651 505 692 solum
536 649 587 692 ad
619 651 798 695 LXXX.
833 663 872 694 et
903 657 1078 708 amplius
1111 654 1407 713 Neapolitanos
1440 664 1601 716 'palmos
1634 676 1749 705 extu-

367 709 521 754 lerunt.
555 712 690 751 Locus
724 711 789 751 hic
823 725 935 752 nunc
967 712 1120 752 fruitur
1151 717 1437 761 amoenissima
1487 721 1599 771 loci,
1632 724 1753 764 coeli.

367 781 449 822 que
480 766 693 808 clementia
725 768 782 809 ob
815 769 1100 825 propinquum
1135 783 1336 817 montem.
1373 778 1420 819 ln
1453 778 1532 820 hoc
1562 795 1659 822 vero
1695 780 1756 821 fa-

365 841 433 866 ma
461 835 526 890 ’est
556 839 664 868 anno
697 825 991 870 MGCCXLV.
1023 830 1151 883 Reges
1184 833 1499 891 Andegavenses
1547 837 1755 895 quandam

366 895 516 927 turrim
549 884 811 937 aedificasse,
847 885 958 928 unde
991 901 1093 943 pago
1126 903 1279 934 nomen
1310 895 1485 948 factum,
1513 895 1651 954 ibique
1669 912 1752 938 ere-

366 941 563 983 micolam
594 944 802 998 quendam
833 943 1043 985 Graecum
1076 946 1220 989 vinum
1240 983 1251 1003 ‚
1283 953 1398 1010 quod
1430 965 1569 1011 postea
1617 955 1749 997 Grae.

368 1016 463 1042 cum
496 1011 555 1042 est
585 1012 777 1043 vocatum
797 1031 810 1054 ‚
858 1001 1170 1056 introduxisse;
1202 1006 1282 1052 hoc
1313 1011 1435 1055 etiam
1473 1013 1750 1056 existimatum

367 1059 446 1101 fuit
478 1075 500 1100 a
532 1061 685 1101 loanna
718 1060 750 1103 I.
772 1060 1138 1118 Neapolitanorum
1173 1067 1340 1124 Regina,

483 1120 693 1163 Hactenus
726 1120 776 1162 de
807 1119 1050 1162 Herculanei
1082 1122 1235 1177 origine
1259 1159 1272 1179 2
1305 1139 1427 1186 atque
1456 1140 1567 1173 mm,

808 1236 1185 1297 CAPUT
1250 1245 1314 1297 ΙΙ.

369 1371 440 1414 De
468 1368 626 1426 primis
660 1367 1121 1439 statlcz's'Herculanei
1156 1381 1366 1434 repertis.-
1398 1377 1571 1438 quc'zndo
1611 1377 1741 1420 Caro·

427 1433 496 1473 lus·
528 1428 610 1472 III
609 1457 616 1466 -
648 1429 889 1470 Borbomus
910 1436 1057 1479 urbem
1075 1435 1368 1494 effodiendam
1382 1438 1551 1480 curarit,
1569 1438 1748 1480 Descri-

427 1493 536 1533 ln‘mr·
577 1491 838 1537 Theatrum,
875 1492 1070 1547 Forum,
1107 1497 1316 1553 Templa,
1349 1498 1599 1555 Hypogaea
1619 1531 1633 1551 ,
1670 1496 1748 1537 doe

428 1566 555 1604 mzcs3
590 1553 702 1593 aliae
731 1562 801 1589 res
837 1552 1096 1596 &radet-atae
1113 1585 1125 1609 ,
1159 1567 1200 1598 ec
1223 1561 1487 1611 praesertim
1516 1564 1697 1597 statuae.

146 1694 382 1725 statuaerepertae.
504 1670 610 1711 Cum
643 1670 742 1711 haec
771 1668 870 1712 urbs
909 1668 951 1712 in
985 1669 1196 1724 tenebris,
1238 1682 1361 1730 atque
1421 1672 1462 1714 in
1510 1670 1753 1712 Vesuvianis

380 1729 481 1771 olim
520 1730 650 1771 arenis
685 1729 899 1771 combusta
933 1730 1185 1773 delitesceret
1205 1763 1218 1782 ‚
1257 1746 1475 1788 cumquea
1503 1729 1598 1770 viris
1616 1728 1754 1770 erudi-

377 1789 428 1831 tis
464 1787 580 1829 avide
610 1789 661 1830 de
690 1788 756 1828 illa
786 1788 1122 1844 perquiret-etum
1156 1790 1260 1831 forte
1288 1789 1452 1831 fortuna
1491 1787 1671 1838 accidit,
1710 1797 1755 1827 ut

374 1863 396 1888 a
434 1847 616 1904 quodam
651 1848 824 1889 huiusce
863 1847 942 1889 loci
974 1848 1109 1889 accola
1138 1848 1337 1900 infelicis,
1376 1848 1626 1902 miseraeque
1646 1844 1755 1886 urbis

375 1906 522 1948 rudera
556 1907 845 1964 reperirentur.
885 1908 931 1948 ln
966 1921 1011 1947 ea
1052 1907 1158 1947 enim
1195 1906 1309 1961 opidi
1347 1907 1496 1947 vicinia
1530 1906 1685 1959 aliquot
1710 1917 1757 1942 ex

377 1980 583 2008 marmore
621 1976 775 2007 statuae
814 1964 1051 2006 eruderatae
1083 1965 1208 2006 fuere.
1228 1965 1285 2005 Et
1322 1978 1431 2005 anno
1475 1960 1756 2004 MDCCV111.

381 2189 574 2225 racteribus
601 2202 675 2226 esse
703 2189 909 2238 inscriptas?
936 2187 1065 2224 Paucis
1092 2196 1209 2223 tamen
1238 2183 1370 2222 abhinc
1396 2184 1499 2222 annis
1526 2196 1682 2236 papyros
1703 2184 1756 2219 in-

381 2247 434 2275 ter
460 2239 632 2275 volumen
659 2241 830 2276 Latinum
857 2239 928 2275 fuit
956 2239 1170 2282 evolutum,
1198 2236 1299 2287 quod
1324 2246 1453 2285 poetae
1482 2236 1579 2272 Varii
1626 2249 1645 2271 a
1675 2235 1754 2271 Vir-

381 2290 466 2339 gilio
486 2317 497 2336 ,
525 2290 744 2338 Horatioquc
771 2289 957 2326 memorati
985 2287 1028 2324 de
1049 2288 1144 2325 bello
1166 2288 1308 2325 Actiaco
1322 2287 1564 2337 fragmentum
1578 2284 1748 2323 continet,
