1920 2579
1581 111 1608 142 2

371 174 503 225 Prope
543 162 788 209 Catabolum
824 162 904 205 suit
938 162 1060 205 etiam
1091 159 1268 212 Circu5‚
1302 158 1372 216 qui
1411 156 1568 200 celeber
1600 110 1635 200 ‹27-
1694 156 1793 183 cm..

253 230 356 274 vasit
388 228 516 273 Ludis
536 224 601 284 (1)
638 223 874 281 Campanis,
907 233 953 264 ut
985 230 1096 279 patet
1128 234 1177 262 ex
1205 220 1298 274 'lege
1316 217 1478 262 Codicis
1498 216 1629 260 Theo-

256 289 412 331 dosiani
459 287 527 327 lib.
560 284 663 327 XV.
704 285 766 325 tit.
803 297 863 328 10.
895 281 1031 324 Huius
1066 280 1247 322 occurrit
1286 277 1443 319 mentio
1478 279 1517 318 in
1540 279 1625 334 qui-

253 347 428 390 busdam
470 343 594 386 Medii
620 344 712 386 AEvi
748 342 1027 384 instrumentis
1062 354 1084 379 a
1117 338 1301 382 Pratillio
1339 336 1410 382 lib.
1445 339 1518 379 111.
1544 352 1579 378 c.
1609 353 1621 380 1

250 405 410 447 allatis:
446 405 486 444 in
517 402 699 459 quodam
735 400 831 442 anni
863 399 1018 442 MXCI.
1052 399 1108 440 sic
1143 399 1319 453 legitur:
1354 399 1399 437 In
1432 397 1629 453 pertinen·

249 469 318 506 tiis
355 465 473 506 villae
508 462 552 503 S.
586 466 773 511 Eun-mi,
811 469 853 503 et
878 461 1044 516 proprie
1082 459 1150 499 ubi
1181 460 1326 501 dicitur
1363 456 1418 497 ad
1455 455 1624 498 Circum.

250 524 365 564 Idem
394 530 538 562 auctor
568 520 690 561 affert
726 519 861 562 mutili
895 519 1039 576 lapidis
1063 527 1248 574 partem,
1288 515 1329 555 in
1352 527 1435 569 quo
1454 513 1499 555 fit
1521 529 1632 557 men-

251 583 306 623 tio
338 580 388 622 de
418 578 643 636 Campanis
675 579 782 620 ludis
802 577 1091 620 Circensibus.

367 639 538 682 Adhaee
571 638 766 680 nonnulla
802 637 1040 694 Campanae
1078 633 1336 690 antiquitatis
1367 641 1637 675 monumenta

250 700 331 739 huc
366 698 461 739 illue
496 698 649 751 partim
684 697 728 736 iu
764 697 853 738 vico
885 699 925 738 S.
960 696 1138 747 Mariae,
1174 693 1326 748 partim
1348 692 1389 732 iu
1409 691 1478 733 illo
1501 692 1540 733 S.
1560 692 1633 732 Pe-

253 758 304 796 tri
336 755 378 797 in
415 755 598 809 Corpore
629 767 766 809 sparsa
803 754 1118 810 adspectantur‚
1165 762 1210 791 ut
1243 751 1459 807 praecipue
1505 750 1634 791 Ther-

254 829 415 856 marum
447 812 622 862 ruinae,
655 826 762 867 quae
795 811 1020 854 hodiedum
1059 818 1219 850 mutato
1239 809 1405 849 nomine
1435 808 1633 850 militibus

251 871 303 911 ad
343 873 507 926 Capuae
537 870 818 911 defensionem
849 870 1088 912 inserviunt.
1122 867 1198 908 His
1232 866 1400 909 tandem
1433 866 1538 908 adde
1571 881 1635 908 ve-

255 929 349 968 teris
367 926 730 983 aquaeductus‚et
747 926 964 984 Gymnasii
982 923 1202 980 reliquias,
1224 938 1329 979 quae
1362 925 1497 966 adhuc
1528 925 1632 966 inte·

251 1000 345 1041 grae
376 996 588 1041 sartaeque
624 994 793 1025 manent
826 999 849 1026 a
887 994 1125 1040 temporum
1141 981 1329 1032 colluvie,
1360 993 1399 1022 et
1421 997 1443 1022 a
1475 982 1628 1024 Barba·

252 1058 396 1086 rorum
433 1042 620 1085 manibus
662 1052 859 1098 ereptae,
894 1056 1083 1099 quaeque
1111 1039 1238 1083 veluti
1279 1041 1535 1082 venerandae
1565 1054 1634 1081 an-

252 1103 450 1159 tiquitatis
489 1110 765 1149 monumenta
795 1100 966 1144 eruditis
994 1101 1089 1142 viris
1124 1108 1515 1142 commonstrantur.
1562 1098 1637 1140 Ca-

252 1175 355 1217 puae
393 1175 486 1203 vero
519 1159 639 1202 fuisse
658 1159 964 1217 Gymnasium,
1006 1170 1045 1200 et
1090 1158 1289 1200 Thermas
1321 1157 1540 1200 ediscimus
1588 1172 1635 1198 ex

252 1220 468 1262 Mazochio
504 1218 658 1275 Amph.
693 1222 808 1262 Cam.
839 1235 875 1261 c.
909 1232 936 1272 7
968 1219 1039 1276 qui
1078 1216 1199 1260 affert
1239 1216 1383 1272 lapidis
1435 1219 1635 1272 fragmen-

253 1290 377 1332 tum,
412 1279 526 1338 quod
561 1276 672 1334 apud
704 1278 1007 1336 Casampullam
1056 1277 1098 1319 in
1141 1276 1379 1321 suburbano
1417 1275 1518 1318 olim
1555 1275 1637 1316 Ca-

249 1339 358 1381 milli
381 1338 610 1394 Pellegrinii
632 1335 773 1379 aderat
794 1353 804 1380 ι
838 1339 880 1382 in
896 1338 977 1382 hoc
996 1351 1205 1381 marmore
1223 1336 1406 1379 occurrit
1425 1335 1476 1378 de
1509 1334 1639 1376 Ther-⁴

253 1398 331 1439 mis
368 1399 585 1455 praecipue
619 1396 794 1440 mentio.

376 1458 474 1499 Fuit
502 1459 545 1499 in
585 1455 661 1498 hac
695 1454 797 1499 urbe
826 1456 963 1511 platea
983 1455 1097 1508 ‚sive
1131 1455 1273 1498 forum
1304 1455 1474 1496 nomine
1496 1453 1632 1511 Sepla·
1689 1467 1817 1502 Seplasia.
1876 1494 1879 1498 ,

251 1520 309 1557 εἰη
330 1546 341 1566 ‚
368 1516 410 1556 in
444 1529 525 1572 qua
560 1523 757 1572 μυροπώλαι
779 1547 791 1568 ,
819 1515 922 1557 idest
938 1520 1194 1572 unguentarii
1215 1514 1411 1569 negotiari
1432 1511 1636 1563 solebant,

253 1576 408 1631 quique
438 1574 526 1616 heic
565 1586 772 1630 unguenta
802 1574 904 1615 adeo
935 1575 1112 1632 pretiosa
1146 1572 1433 1624 conficiebant,
1458 1582 1503 1612 ut
1525 1571 1640 1613 Cam-

1658 624 1800 656 Gymnasiu
1809 634 1832 650 m
1845 644 1853 656 ,

1657 666 1683 685 et
1704 661 1846 687 Thermae.

359 1779 416 1826 (1)
443 1779 594 1814 Certum
621 1786 673 1814 est
702 1792 743 1816 ex
768 1778 935 1814 Pratillio
955 1781 1029 1816 lib.
1052 1776 1177 1828 111¹„cp
1206 1793 1237 1815 1.
1258 1779 1353 1819 hanc
1381 1775 1511 1814 urbem
1540 1784 1636 1826 post-

255 1841 366 1876 quam
396 1828 455 1863 ibi·
473 1828 604 1864 Caesar
632 1829 827 1863 Coloniam
854 1828 1028 1873 deduxit,
1058 1829 1169 1865 fuisse
1197 1829 1284 1864 satis
1321 1821 1496 1876 a'mplam.
1540 1825 1641 1864 Nam

256 1879 331 1924 ipse
360 1878 459 1913 iuxta
490 1878 695 1926 Appianum
725 1877 787 1914 lib.
816 1877 922 1914 XIV.
947 1877 1099 1915 deduxit
1123 1877 1251 1926 viginti
1285 1877 1398 1913 millia
1430 1877 1636 1915 hominum.

258 1927 323 1962 His
350 1926 454 1963 adde
481 1927 725 1974 gladiatorum
753 1928 910 1965 scholam
929 1955 939 1972 ,
966 1942 1057 1978 quos
1085 1931 1217 1966 Caesar
1244 1927 1403 1964 habebat
1430 1941 1566 1977 eosque
1598 1928 1632 1963 in

259 1976 417 2012 familias
450 1976 587 2013 divisit.
619 1978 761 2019 Eorum
790 1992 983 2014 numerum
1013 1979 1139 2015 Cicero
1163 1979 1216 2014 ad
1246 1978 1353 2015 Attic.
1379 1978 1446 2017 lib.
1474 1978 1555 2014 VH.
1601 1982 1644 2023 14

267 2033 386 2077 nnn-at
415 2027 526 2074 fuisse
555 2041 671 2077 usque
699 2029 743 2065 ad
770 2029 1161 2079 quadragintavmillia.
1188 2028 1253 2070 His
1296 2029 1500 2079 superadde
1539 2028 1644 2064 Cam-

259 2089 380 2124 panos
420 2078 511 2128 ipsos
537 2079 660 2123 cives,
688 2092 729 2116 ex
755 2080 891 2129 quibus
917 2081 1002 2116 licet
1030 2082 1235 2117 coniectare
1256 2108 1268 2126 ‚
1294 2078 1387 2122 hanc
1401 2081 1531 2116 urbem
1557 2079 1645 2116 fuis-

260 2141 294 2163 se
326 2126 657 2177 frequentissimam
687 2143 696 2165 ι
726 2130 814 2166 hinc
842 2130 942 2167 urbis
971 2130 1148 2182 antiquae,
1168 2130 1311 2166 moenia
1333 2131 1435 2167 sucre
1463 2130 1545 2168 statis
1571 2143 1644 2166 am·

260 2178 333 2226 pla.
361 2179 408 2214 Et
440 2186 477 2214 re
505 2184 588 2214 sane
614 2186 692 2218 vera
716 2181 763 2217 'ex
792 2180 985 2228 ruderibus
1011 2182 1103 2231 q'uae
1132 2188 1286 2226 restant,
1315 2181 1437 2230 plures
1458 2182 1556 2219 vicos
1583 2194 1642 2216 oc-

261 2235 419 2285 cupant9
450 2237 489 2264 ut
519 2236 600 2265 ante
626 2225 816 2267 di'ximus:
848 2230 933 2270 vide
962 2231 1072 2282 igitur
1100 2242 1189 2271 tunc
1206 2239 1380 2282 temporis
1399 2258 1409 2278 ,
1438 2245 1549 2285 quam
1565 2232 1635 2269 lata

262 2285 298 2313 et
325 2279 462 2318 nobilis
489 2280 597 2319 suerit
624 2281 751 2334 Capua
764 2283 781 2319 ι’
822 2286 840 2316 'T
1272 2331 1295 2359 ὓ
