1920 2579
374 145 448 195 128

362 200 499 245 raniae
516 201 631 244 nulla
649 201 820 244 omnino
851 204 1036 258 superest
1062 201 1292 255 memoria,
1313 218 1408 247 cum
1431 203 1611 250 assiduae
1633 216 1732 252 com*

363 259 617 314 flagratic-nes
650 260 786 302 solum
816 259 866 302 ad
899 276 990 304 eam
1022 262 1220 305 erexerint
1251 262 1513 307 altitudinem
1532 294 1544 317 ,
1593 274 1638 308 ut
1670 267 1730 308 ni-

363 320 444 360 mia
477 316 753 376 profunditate
785 334 897 362 nunc
929 320 1113 376 sepultae
1147 318 1377 364 credantur.

771 433 1147 487 CAPUT
1219 436 1306 487 VI.

359 569 424 607 De
456 575 585 607 monte
621 565 672 607 V
667 570 825 618 esuvi03
857 567 1026 608 eiusdem
1060 566 1348 622 ichnographia
1381 570 1631 618 delineatur-3
1677 573 1727 611 de

415 625 624 667 vulcam’cis
644 626 830 668 materiis.
852 625 1039 683 Spartaci
1053 627 1291 680 gladiatoris
1308 627 1478 680 facinus
1503 638 1722 668 enarratur.

474 733 733 776 Perlustratis
766 743 805 775 et
837 732 1049 791 descriptis
1082 733 1284 776 hactenus
1332 735 1594 776 Herculaneo
1617 765 1631 785 ,
1684 745 1724 777 et

354 791 561 848 Pompeiis
594 790 744 848 opidis,
761 790 810 832 ad
843 793 1070 835 Vesuvium
1101 793 1272 848 propius
1305 790 1498 835 accedere
1540 793 1598 835 fas
1644 802 1717 835 est.

354 852 464 894 Hinc
498 864 569 892 nos
602 849 784 907 primum
816 850 895 894 h-oc
927 853 1061 911 capite
1091 860 1276 893 veterum
1310 851 1559 907 scriptorum
1577 851 1723 893 affere-

354 924 447 951 mus
479 909 774 961 auctoritates,
807 909 877 966 qui
909 911 1044 966 ipsum
1079 908 1287 966 quondam
1304 910 1493 952 flammas
1513 911 1719 953 evomuis-

354 984 396 1010 se
429 977 656 1016 testantur,
694 965 827 1023 deque
859 967 985 1023 ipsius
1018 967 1338 1024 tophographia,
1370 966 1515 1008 deinde
1535 969 1616 1009 alio
1635 983 1717 1025 quo

347 1037 546 1084 'sequetur
579 1026 746 1082 capite,
779 1023 828 1067 de
860 1024 1583 1081 celebrioribusconflagrationibus
1606 1056 1618 1074 ,
1666 1027 1716 1067 de

351 1084 603 1141 mephitibns
625 1116 637 1134 ‚
671 1083 719 1125 de
754 1083 977 1127 vulcanicis
998 1083 1196 1134 materiis,
1212 1083 1383 1141 aliisque
1405 1082 1527 1124 rebus
1548 1082 1598 1126 ad
1618 1099 1717 1125 eun<

325 1143 442 1186 >dem
475 1142 756 1202 spectantibus
777 1177 789 1196 ,
821 1143 943 1187 verba-
975 1142 1183 1185 faciemus.

181 1199 281 1225 Montis

130 1233 327 1270 :ichnographiffi

466 1207 590 1245 Mons
621 1202 691 1245 hic
711 1201 957 1260 Campaniae
979 1201 1193 1257 procerior
1214 1210 1288 1253 est,
1308 1201 1492 1259 iacetque
1515 1200 1567 1244 ad·
1582 1203 1715 1245 orion-2

350 1271 433 1305 tem
476 1260 736 1319 Neapolitani
774 1261 972 1303 Crateris.
1020 1260 1243 1314 Separatur
1273 1275 1297 1302 a
1342 1261 1465 1314 longa
1507 1262 1713 1303 montium

346 1320 660 1379 Apeninnorum
692 1329 836 1362 catena
859 1351 872 1371 ,
910 1319 1137 1377 ceterisque
1167 1318 1356 1360 imminet
1378 1354 1391 1373 ,
1424 1327 1464 1360 et
1495 1334 1516 1360 e
1548 1321 1711 1376 Neapo-

320 1381 395 1422 iis
429 1380 594 1438 regione
631 1379 731 1422 mari
763 1378 981 1423 incumbit.
1014 1378 1147 1420 Instar
1197 1377 1420 1435 pyramidis
1461 1387 1551 1427 est,
1605 1393 1710 1435 quae

346 1450 470 1496 prout
504 1439 645 1482 scribit
676 1439 823 1481 Sei-aus
845 1469 861 1490 ‚
897 1437 1162 1480 Descrizione
1211 1436 1324 1479 fisica
1366 1434 1433 1479 del
1484 1440 1705 1489 Vesuvio,

348 1499 476 1540 basim
508 1498 630 1540 habet
661 1497 805 1540 XXX.
840 1497 896 1538 M.
932 1499 972 1538 Ρ.
1006 1505 1046 1538 et
1076 1494 1428 1554 perpendicularis
1454 1494 1626 1539 altitudo
1649 1508 1709 1539 est

349 1558 454 1598 ulnis
487 1558 576 1598 DII.
607 1557 718 1598 Hinc
750 1556 832 1598 leni
865 1555 973 1598 clivo
1005 1556 1156 1596 sensim
1190 1569 1316 1611 usque
1349 1552 1398 1596 ad
1431 1555 1700 1605 eumlocum,

344 1631 465 1672 quem
498 1616 664 1658 accolae
696 1613 884 1657 dictitant
916 1612 1038 1654 Atrio
1069 1613 1144 1653 del
1180 1613 1367 1654 Camillo
1394 1625 1515 1653 mons
1550 1613 1707 1654 attolli-

343 1684 420 1715 tur.
455 1673 667 1716 Strabonis
687 1706 700 1727 ,
732 1682 772 1714 et
792 1672 923 1713 Plinii
956 1685 1056 1714 aevo
1101 1669 1306 1714 Vesuvius
1358 1686 1485 1711 unum
1533 1670 1705 1714 fortasse

341 1732 516 1774 habebat
547 1741 699 1788 caput:
735 1740 781 1773 at
804 1740 943 1773 nostra
980 1738 1222 1788 tempestate
1270 1738 1361 1787 post
1411 1739 1473 1770 tot
1521 1728 1702 1772 assiduas

339 1791 682 1846 conflagrationes
714 1789 801 1847 ipse
833 1789 972 1846 biceps
1006 1799 1099 1838 est,
1134 1787 1230 1830 bina
1261 1802 1408 1844 nempe
1442 1788 1599 1830 attollit
1640 1789 1703 1830 iu-

339 1866 386 1904 ga
409 1882 420 1900 ,
455 1865 558 1907 quae
589 1863 674 1892 uno
706 1850 797 1907 plus
833 1846 983 1890 distant
1029 1847 1211 1891 invicem
1257 1847 1467 1889 milliario.
1514 1846 1701 1889 Primum

336 1910 486 1950 montis
519 1923 719 1952 cacumen
739 1939 752 1958 ,
783 1907 892 1965 quod
925 1923 946 1949 e
979 1906 1173 1963 Neapolis
1205 1907 1375 1962 regione
1408 1915 1479 1955 est,
1512 1903 1563 1944 ab
1591 1904 1701 1946 adia-

335 1977 452 2009 cente
486 1966 535 2009 ad
569 1968 654 2009 eius
688 1967 844 2009 radices
877 1966 1070 2007 Summae
1101 1979 1208 2021 pago
1233 1995 1245 2015 ,
1278 1973 1422 2004 monte
1457 1963 1503 2004 di
1519 1962 1699 2004 Somma

324 2027 591 2081 appellatur:
624 2027 801 2067 alterum
831 2023 933 2065 mari
966 2023 1160 2064 imminet
1189 2022 1239 2064 ad
1270 2020 1484 2063 meridiem
1529 2020 1693 2072 Veoli,

336 2098 355 2121 a
391 2085 563 2126 Vesuvii
595 2085 721 2141 ipsius
755 2081 1027 2139 appellatione
1058 2079 1187 2122 eidem
1223 2080 1315 2135 iugo
1347 2094 1498 2121 nomen
1535 2079 1701 2136 imposi-

337 2150 437 2182 tum.
471 2142 615 2184 Varias
648 2157 746 2185 vero
788 2140 912 2182 habet
943 2140 1028 2183 vias
1053 2171 1065 2190 ,
1118 2155 1191 2195 per
1239 2154 1339 2197 quas
1395 2137 1696 2181 conscenditur.

334 2201 485 2256 Magna
516 2201 704 2257 planities
742 2200 782 2242 in
818 2198 998 2240 eiusdem
1030 2197 1167 2240 medio
1203 2208 1295 2249 est,
1329 2197 1369 2238 in
1402 2211 1488 2253 quo
1523 2211 1568 2238 os
1609 2213 1695 2239 cer-

333 2258 444 2301 nitur
477 2258 762 2302 immodicum.
802 2260 922 2300 Varia
955 2257 1158 2299 montium
1187 2258 1516 2314 propinquorum
1548 2254 1707 2297 adsunt>

333 2319 547 2362 cacumina
566 2347 579 2369 ,
618 2332 765 2376 nempe
797 2317 879 2367 vici
909 2315 1168 2365 Summensis
1187 2346 1200 2367 ,
1236 2325 1276 2359 et
1311 2315 1391 2361 vici
1442 2313 1652 2359 Octaviani
1674 2344 1695 2371 ,Α
