1920 2579
1486 115 1544 159 51·

166 179 301 236 'Appia
336 191 428 235 pag.
462 178 543 229 418
578 175 618 217 in
661 187 709 218 eo
748 172 826 215 fuit
862 174 985 225 loco,
1019 187 1145 231 quem
1193 173 1430 215 Acervara
1474 190 1542 230 ap-

172 239 325 295 pellant
357 237 542 285 incolae,
579 248 626 275 eo
658 232 769 291 quod
801 232 898 274 olim
934 234 974 273 in
1007 247 1051 273 ea
1090 231 1297 273 vicinitate
1328 233 1442 287 plura
1482 248 1546 274 ve·

171 307 305 338 tustae
339 294 516 336 fabricae
550 291 738 334 extabant
768 302 1072 343 monumenta,
1102 289 1209 331 inter
1241 304 1346 346 quae
1369 291 1549 332 nonnul-

171 357 208 396 la
240 367 494 395 marmorum
528 351 655 392 frusta
675 380 689 402 ,
727 350 769 391 in
802 349 952 405 quibus
982 351 1149 392 Acerha
1169 352 1257 390 Ara
1277 358 1361 388 erat
1390 348 1541 388 inscul-

170 424 289 468 ptum
313 443 326 462 ,
361 411 469 452 unde
503 424 652 451 nomen
693 410 781 450 loco
813 407 964 450 factum
1011 408 1255 449 Acervam.
1306 405 1541 452 praefatum

171 470 380 512 Ciceronis
412 468 678 524 sepulchrum
719 466 942 524 pyramidis
966 468 1091 506 instar
1123 476 1214 516 est,
1251 476 1298 505 ut
1331 464 1543 506 eschema-

175 540 214 570 te
243 528 358 586 quod
392 527 554 568 exhibet
590 524 684 566 loeo
722 528 843 566 citato
876 524 1062 566 laudatus
1101 522 1374 575 Gesualdius,
1406 522 1544 563 videre

178 599 236 629 est
253 613 271 638 -,
290 582 762 642 -cuiusque‘pyramidis
784 615 795 635 ‚
827 584 911 625 sive
942 584 1064 624 turris
1096 597 1190 639 pars
1209 592 1393 638 superest
1413 580 1454 621 in
1476 597 1543 622 su-

171 644 322 702 periori
346 644 505 688 ,montis
540 652 667 699 parte.
699 643 794 684 Non
829 641 968 698 procu]
1007 640 1133 683 etiam
1166 639 1219 681 ab
1255 654 1303 681 eo
1326 639 1542 696 sepulchro

174 713 325 749 restant
361 700 558 745 nonnulla
588 701 754 756 insuper
794 711 974 742 vetustae
1004 699 1178 745 fabricae
1212 698 1361 740 rudera
1381 729 1395 749 ‚
1430 712 1542 754 prac-

176 763 315 804 ser³,im
351 758 652 815 aquaeductus,
686 758 809 815 idque
838 773 963 814 genus
996 756 1100 810 alia,
1153 770 1258 814 quae
1288 757 1341 801 ad
1375 755 1546 798 eandem

181 821 315 863 xillum
348 816 588 875 pertinuisse
620 816 727 858 fama
760 826 830 856 est.

294 880 385 920 Non
421 874 567 928 procul
594 890 615 917 a
638 875 824 917 vFormiis
859 882 971 912 erant
998 872 1235 915 Minturnae
1275 887 1396 927 super
1441 872 1548 914 viam
1588 872 1742 901 Mmfflffli'

176 936 354 992 Appiam
374 933 413 972 in
436 943 485 969 eo
516 930 606 971 loco
623 961 634 981 ,
667 929 738 986 qui
756 929 907 970 dicitur
937 930 981 969 la
1003 929 1139 981 Scafa
1170 929 1244 969 del
1270 931 1541 986 Gariglc'ch

174 995 268 1035 Hoc
303 986 552 1032 Samnitium
582 986 792 1044 quondam
826 985 951 1028 fuisse
981 985 1155 1042 opidum
1175 986 1344 1041 quidam
1361 988 1547 1028 scribunt

179 1061 387 1093 auctores:
427 1048 648 1089 Ausonum
679 1044 759 1086 alii.
777 1044 902 1087 Anno
918 1059 1014 1086 vero
1030 1047 1090 1089 V.
1125 1044 1178 1087 C.
1210 1044 1556 1089 CCCCXXXIX.

186 1113 228 1151 in
263 1112 552 1151 Romanorum
589 1103 652 1145 ius
680 1103 853 1146 transiit.
886 1102 1076 1159 Utraque
1110 1104 1197 1160 ripa
1229 1104 1468 1147 Minturnae
1499 1106 1561 1147 ha.

187 1169 336 1209 bitatae
367 1166 480 1207 suere
510 1161 646 1205 medio
676 1162 764 1204 Liri
796 1160 1057 1203 interfluente
1086 1176 1219 1203 amne.v
1253 1162 1311 1203 Ea
1345 1161 1443 1204 urbs
1478 1172 1561 1205 tam

189 1225 356 1267 celebris
389 1224 546 1276 evasit,
578 1220 817 1267 utmoenia
848 1219 1035 1262 habuerit
1066 1219 1302 1266 fortissima.
1348 1221 1457 1262 Hinc
1490 1222 1562 1263 Li-

188 1287 276 1326 vius
311 1283 380 1326 lib.
415 1281 534 1326 VIII,
566 1296 600 1322 c-
641 1293 693 1324 10
725 1278 890 1335 prodit,
922 1278 1092 1322 Latinos
1125 1295 1170 1322 ex
1204 1280 1296 1335 fuga
1330 1279 1563 1322 Minturnas

188 1359 229 1386 se
260 1341 493 1385 contulisse.
525 1342 647 1383 Haec.
668 1351 763 1380 vero
794 1337 983 1396 quamvis
1015 1338 1161 1381 nobilis
1192 1338 1329 1390 fuerit,
1351 1347 1487 1379 tamen
1509 1339 1564 1380 ob

189 1401 380 1442 vicinum
413 1399 588 1444 fluvium
622 1397 755 1441 Lirim
787 1396 1006 1452 paludibus
1046 1396 1395 1439 circumdabatur.
1443 1397 1562 1438 Idem

193 1471 340 1501 auctor
373 1459 443 1500 lib.
477 1459 587 1502 th.
619 1471 656 1499 C.
696 1470 745 1498 10
775 1456 836 1498 ibi
881 1454 1086 1497 coloniam
1129 1455 1350 1497 deductam
1382 1453 1557 1507 scribit,

192 1517 307 1577 quod
340 1516 559 1558 confirmat
591 1514 775 1558 Velleius
806 1513 876 1557 lib,
904 1518 939 1557 Ι.
971 1529 1005 1555 c.
1045 1525 1093 1567 14
1126 1514 1273 1573 aliique
1305 1523 1505 1555 auctores,

311 1577 491 1617 Huiusce
522 1574 637 1632 opidi
668 1573 809 1617 ruinae
840 1583 949 1616 stant
965 1573 1136 1624 adhuc,
1167 1584 1208 1615 et
1222 1573 1457 1628 praesertim
1477 1588 1565 1613 am-

192 1635 441 1693 phitheatri,
478 1645 519 1675 et
550 1632 843 1690 aquaeductus.
878 1636 942 1676 En
975 1643 1022 1674 ut
1050 1647 1073 1672 a
1103 1632 1273 1674 Cluerio
1304 1630 1375 1672 lib.
1420 1631 1495 1674 ΙΙΙ.
1530 1647 1563 1672 c.

200 1708 249 1734 io
282 1697 334 1734 lt.
363 1704 447 1735 ant.
483 1707 605 1737 omne
636 1691 914 1735 describitur:
947 1694 1153 1748 Hodieque
1172 1696 1368 1747 ringentes
1396 1694 1566 1732 visuntur

196 1757 234 1791 in
265 1756 420 1792 sinistra
459 1752 635 1792 maxime
664 1754 749 1805 ripa
785 1753 1005 1806 reliquiae,
1034 1759 1202 1805 quatuor
1216 1752 1312 1800 fere
1348 1753 1411 1795 ΑΙ.
1449 1750 1499 1789 Ρ.
1538 1763 1567 1789 α

196 1810 327 1857 mari,
367 1818 406 1850 et
442 1809 543 1851 ostio
578 1813 706 1849 omnis
739 1819 912 1851 remotae
931 1839 943 1860 ,
989 1814 1031 1849 in
1064 1809 1205 1862 quibus
1224 1807 1443 1862 praecipue
1478 1815 1567 1848 sunt

195 1866 497 1922 aquaeductus,
527 1867 887 1921 amphitheatrum,
919 1876 1001 1908 tum
1034 1880 1235 1907 murorum
1260 1895 1271 1915 ,
1311 1868 1568 1921 turriumque

196 1941 341 1979 magna
374 1929 514 1967 rudera
534 1956 544 1974 ,
566 1925 750 1979 praealti
784 1927 942 1980 quidam
962 1926 1169 1980 fornices,
1201 1923 1358 1979 aliaque
1399 1924 1568 1979 splendi-

192 1985 331 2024 dorum
353 1986 620 2040 aedificiorum
644 1984 912 2037 fundamenta
927 1983 1174 2024 solidissima.
1199 1983 1261 2024 Ex
1281 1981 1485 2037 lapidibus
1507 1997 1566 2023 re-

199 2043 320 2096 pertis
356 2058 459 2084 unus
492 2043 664 2084 affertur
696 2055 716 2080 a
748 2041 931 2084 Grutero
965 2057 1056 2098 pag.
1093 2042 1173 2084 252
1209 2038 1403 2084 Matidiae
1424 2041 1565 2095 Augu-

195 2111 275 2141 stae
307 2100 478 2143 dicatus.

312 2163 525 2201 Postremo
560 2160 665 2201 hanc
698 2159 842 2201 urbem
877 2160 1164 2217 Episcopalem
1198 2155 1333 2200 sedem
1380 2157 1568 2198 habuisse

195 2218 337 2259 scribit
368 2220 432 2259 DJ
455 2221 674 2268 Gregorius
704 2221 813 2275 Papa
841 2219 914 2261 tib.
950 2222 978 2259 l.
1013 2234 1074 2275 ep.
1112 2220 1149 2260 8.
1185 2221 1342 2262 Everso
1376 2216 1470 2256 inde
1502 2232 1566 2255 ve-

197 2287 306 2319 tusto
338 2278 462 2334 opido
495 2271 727 2324 adsurrexit
760 2293 883 2336 pagus
913 2279 1016 2332 ille,
1047 2277 1118 2336 qui
1153 2291 1262 2321 nunc
1283 2276 1333 2318 ab
1367 2274 1564 2331 indigenis

1137 2336 1160 2360 x
