1920 2579
1460 159 1474 183 1

168 202 219 243 lia
251 198 321 240 diu
368 210 575 251 moratus,
608 199 855 256 quotidianis
888 202 1010 242 armis
1047 215 1139 242 cum
1184 199 1333 242 Gothis
1357 159 1537 256 pugnaiiii

169 274 380 316 prospera,
417 271 455 299 et
491 259 654 300 adversa
684 274 800 314 saepe
835 259 999 300 fortuna
1021 274 1029 300 ε
1050 275 1141 301 nam
1176 262 1312 314 paucis
1338 259 1534 304 militibus

167 327 310 359 contra
327 318 560 359 Gothorum
594 318 826 357 innumeras
850 318 1064 373 phalanges
1096 317 1367 375 pugnantibus
1386 317 1535 360 BJIisa-

167 377 215 417 rii
248 377 405 416 animus
436 376 666 416 satis-fuit:
700 387 738 416 et
772 391 818 414 eo
855 391 915 415 res
954 377 1103 428 rediit,
1138 387 1182 416 ut
1227 375 1536 417 Theodebertus

167 436 417 476 Francorum
451 434 533 475 Rex
565 449 634 489 per
657 448 742 473 eam
777 443 1056 489 tempestatem
1099 434 1284 475 maximis
1329 435 1540 490 copiislta-

167 492 264 533 liam
312 492 548 540 invaderet,
579 492 648 547 qui
680 507 794 546 saepe
830 508 923 532 curn
963 491 1143 543 Gothis,
1181 502 1219 532 et
1256 495 1344 547 ipso
1391 492 1533 532 Belisa-

174 551 233 591 1io
267 550 458 605 pugnavit
492 550 648 590 Italiam
680 549 955 603 depopulante
976 581 988 599 ,
1021 551 1059 590 in
1094 550 1280 604 Regnum
1333 562 1470 605 postea
1491 553 1546 590 in-

174 608 343 650 columis
374 608 504 650 rejiit.
538 609 699 649 Accisae
740 608 832 646 hinc
864 608 1041 648 Belisarii
1081 609 1203 664 ipsius
1230 623 1290 648 res
1316 607 1397 650 iam
1415 620 1543 658 erant,

173 677 211 707 et
242 666 394 719 Vitiges
431 681 512 721 quo
549 666 680 721 ipsum
724 664 835 706 Italia
871 665 1083 721 expelleret
1121 666 1349 708 Chosroam
1401 667 1539 708 Persa=

170 740 262 766 rum
296 724 443 775 Regem
478 726 660 779 rogavit,
697 732 742 762 ut
771 740 881 764 arma
911 725 952 764 in
991 725 1258 765 Iustinianum
1299 735 1482 765 verteret.

287 782 445 823 XXIII.
479 784 534 823 At
571 797 629 821 res
660 780 796 822 statim
830 794 1005 823 mutatae
1039 784 1180 824 fuere:
1215 783 1312 822 hinc
1327 782 1543 825 Belisaiius

169 841 298 894 Regni
332 839 498 880 Gothici
519 840 753 881 Ravennam
787 839 929 881 urbem
966 841 1186 896 principem
1221 840 1390 881 modicis
1421 855 1542 882 occu-

173 909 242 954 pat
292 897 511 953 praesidiis.
562 898 716 953 Vitiges
766 908 862 939 tunc
923 909 1062 951 captus
1093 929 1106 948 ‚
1162 899 1232 954 qui
1284 900 1419 940 statim
1467 902 1544 941 Re-

166 972 294 1010 gnum
345 956 594 1006 abdicavit,
645 959 683 997 in
734 957 850 996 cuius
880 957 1016 997 locum
1069 955 1291 997 Ildibaldus
1339 957 1415 997 fnit
1457 959 1541 998 suf-

173 1016 316 1057 fectns.
350 1014 588 1056 Gothorum
624 1017 806 1069 Regnum
840 1014 943 1056 ultra
975 1016 1130 1056 Padum
1164 1014 1279 1055 haud
1311 1016 1544 1057 extendeba-

170 1084 236 1113 tur
257 1088 269 1110 :
303 1073 402 1113 adeo
435 1089 494 1114 res
526 1084 637 1113 erant
670 1073 958 1114 conclamatae!
982 1074 1196 1114 Belisarius
1228 1073 1308 1114 iam
1343 1073 1542 1115 Constan-

167 1131 383 1187 tinopolim
414 1143 498 1172 erat
533 1132 863 1186 profectus‚quo
896 1132 1023 1171 Persis
1058 1136 1132 1172 iret
1147 1131 1310 1172 obviam
1338 1133 1539 1173 :Alexan-

166 1189 238 1229 der
271 1191 418 1229 interea
456 1189 626 1236 ,ltaliam
658 1189 980 1239 administravit,
1018 1189 1139 1230 homo
1170 1191 1323 1243 argenti
1369 1191 1542 1231 maxime

168 1247 352 1302 cupidus,
372 1248 440 1301 qui
462 1262 611 1302 paucos
631 1248 807 1300 regnavit
825 1245 976 1287 annos:
1002 1248 1083 1303 ipse
1106 1247 1214 1288 enim
1239 1247 1388 1288 Vraiae
1405 1250 1545 1289 conin=

167 1305 222 1360 gis
257 1305 540 1360 pulcritudinis
575 1306 741 1346 fortasse
772 1320 892 1345 causa
932 1305 1008 1345 fuit
1051 1317 1213 1346 necatus
1253 1320 1359 1346 anno
1390 1307 1543 1348 DXLI.

164 1375 208 1403 ut
233 1364 446 1418 perhibent
461 1364 690 1419 scriptores·
713 1363 908 1404 Successit
927 1373 1062 1419 postea
1082 1364 1294 1413 Eraricus,
1316 1366 1387 1419 qui
1421 1366 1541 1420 paulo

170 1431 262 1478 post
294 1421 371 1461 fuit
403 1433 602 1464 enecatus,
638 1420 704 1461 Ad
739 1437 906 1476 regnum
939 1422 1033 1461 hinc
1067 1432 1228 1462 evectus
1286 1433 1343 1461 est
1389 1422 1543 1464 Totilas

168 1480 356 1534 princeps
390 1480 598 1533 optimus,
633 1478 705 1534 qni
747 1481 979 1533 conlapsam
1009 1479 1247 1520 Gothorum
1282 1495 1369 1522 rem
1423 1483 1535 1523 resti-

171 1538 249 1576 tuit
281 1551 386 1578 anno
418 1539 608 1590 DXLVI.
642 1537 707 1576 hic
748 1548 837 1578 tum
869 1538 1042 1578 Romam
1077 1537 1220 1578 urbem
1255 1538 1290 1577 vi
1325 1538 1457 1594 cepit,
1481 1552 1538 1581 to-

165 1605 329 1650 tamque
363 1610 462 1651 pene
497 1595 653 1636 Italiam
708 1594 746 1633 in
795 1595 1014 1636 Gothicam
1059 1594 1210 1648 redegit
1262 1607 1531 1650 potestatem:

163 1653 379 1694 Belisarius
413 1668 504 1694 cum
539 1654 666 1694 Persis
699 1651 849 1695 bellum
882 1664 978 1694 tunc
1009 1653 1204 1707 gerebat,
1243 1664 1281 1693 et
1313 1655 1460 1696 iterum
1491 1658 1531 1696 in

169 1711 325 1751 ltaliam
357 1711 548 1761 advenit,
586 1726 668 1767 qno
700 1711 858 1752 Totilae
905 1712 1174 1768 triumphanti
1210 1712 1295 1752 iret
1340 1712 1537 1758 obviam:

166 1768 254 1809 Itali
288 1784 332 1808 eo
364 1780 548 1825 tempore
581 1770 766 1810 fortunae
801 1770 1023 1810 ludibrium
1072 1770 1196 1813 facti:
1243 1769 1342 1811 dum
1394 1774 1537 1813 Graios

166 1827 301 1876 inter,
334 1826 580 1883 Gothosque
611 1828 772 1867 illorum
811 1830 989 1882 regiones
1023 1828 1180 1869 assidue
1213 1829 1334 1869 armis
1354 1832 1534 1870 conscin-

165 1883 386 1926 debantur:
412 1896 582 1941 utraque
616 1885 707 1924 hinc
742 1897 852 1939 parte
885 1897 1024 1940 captae
1056 1901 1293 1943 eversaeque
1324 1887 1457 1938 urbes,
1481 1889 1536 1928 ci-

169 1957 236 1983 ves
274 1942 401 1993 fame,
446 1943 635 1999 belloque
668 1943 819 1984 enecti:
854 1945 1008 1997 argenti
1041 1943 1221 2000 pondera
1241 1944 1421 2001 abrepta.
1468 1957 1471 1963 ¹

283 2001 433 2044 XXIV.
465 2004 562 2043 Post
594 2002 672 2041 hoc
706 2012 864 2058 tempus
895 2001 1137 2044 Gothorum
1176 2018 1235 2044 res
1267 2018 1337 2058 per
1365 2004 1540 2048 Toiilam

164 2069 416 2100 restauratae
440 2091 452 2109 ‚
486 2060 614 2100 donec
647 2061 795 2101 Narses
827 2060 1053 2103 Eunuchus
1099 2063 1216 2104 Persa
1265 2076 1407 2115 genere
1436 2080 1544 2105 anno

169 2117 301 2160 DLII.
342 2117 393 2159 ab
429 2119 650 2159 Iustiniano
683 2119 721 2159 in
755 2118 910 2160 Italiam
943 2120 1118 2168 missus,
1154 2129 1300 2159 cuncta
1352 2125 1534 2163 mutavit.

161 2174 240 2216 Hic
273 2191 367 2231 prae
384 2187 443 2217 ter
475 2193 638 2232 magnas
671 2178 822 2231 argenti
852 2177 1010 2218 divitias
1043 2178 1083 2218 in
1115 2178 1225 2219 illam
1256 2178 1419 2230 allatas,
1454 2196 1540 2235 quo

161 2232 312 2274 bellum
379 2236 645 2286 sustineret,
696 2237 851 2291 magnis
898 2236 1077 2279 militum
1130 2236 1351 2279 delectibus
1395 2239 1541 2280 habitis

161 2290 410 2343 Graiorum,
446 2293 665 2348 Italorum,
696 2295 948 2353 aliarumque
980 2296 1178 2351 gentium,
1195 2295 1342 2353 quibus
1358 2297 1543 2343 adiunxit

289 2351 335 2394 T.
359 2351 418 2394 ΙΙ.
1013 2356 1067 2397 23
