1920 2579
388 106 466 149 158

383 167 454 218 giit
488 161 604 213 dies,
654 173 696 204 et
731 160 834 203 te'rra
876 175 1178 218 quaquaversus
1224 162 1325 204 adeo
1379 164 1648 219 movebatur,
1702 178 1746 209 ut

382 219 640 277 Neapolitani
692 219 926 276 pracsertim
986 231 1162 263 mortem
1213 233 1424 264 cernerent
1480 235 1742 280 praesentent„

382 283 492 322 Haec
522 278 643 333 igitur
676 289 813 319 nostro
846 293 945 320 aevo
977 278 1122 320 accidit
1154 280 1453 334 coiissigratit),
1503 296 1598 323 cum
1647 284 1744 324 aliae

382 340 517 397 plures
552 337 797 394 quotannis,
844 348 888 378 ut
922 339 973 378 ita
1005 337 1159 390 dicam,
1190 339 1397 380 eveniunt.

503 398 691 438 Attamen
740 395 829 452 quis
867 397 1077 448 crederet,
1116 411 1225 438 nunc
1271 412 1388 439 mons
1438 398 1594 455 placide
1640 400 1751 454 quie-

378 456 454 497 scit
476 486 487 504 ,
519 465 638 511 atque
672 469 850 496 eversam
882 455 1024 496 urbem
1058 470 1166 496 nunc
1201 471 1329 512 nuper
1363 457 1572 502 meliorem
1606 457 1742 497 insta-

380 526 472 555 tum
502 528 521 553 e
554 513 831 555 fundamentis
865 514 966 556 cives
1000 515 1237 555 excitarunt.
1273 513 1388 557 Adeo
1420 513 1557 557 insana
1617 515 1748 556 homi-

381 588 483 614 nnm
536 586 685 624 mens,
723 571 795 628 qui
838 572 890 614 ad
926 574 1094 630 propius
1144 588 1304 629 semper
1353 573 1577 630 periculum
1624 572 1751 614 vitam

381 629 671 687 tranquillam,
719 630 982 688 quietamque
1030 634 1189 686 agunt!
1239 632 1347 674 Hinc
1395 633 1564 673 maiores
1617 633 1748 672 nostri

382 689 503 729 huius
537 688 688 729 montis
721 687 882 742 ruinas,
930 690 1191 744 periculum,
1237 699 1275 728 et
1320 689 1453 743 ignem
1498 689 1747 729 animadver-

385 757 543 796 tentes,
601 745 777 801 lapidem
825 746 939 787 illum
986 746 1095 802 apud
1130 746 1404 787 Porticensem
1449 745 1584 788 villam
1637 761 1753 787 secus

384 805 488 845 viam
525 802 729 857 publicam
761 802 1015 845 collocarunt
1064 814 1155 859 post
1199 803 1446 846 horrendam
1496 805 1752 846 eructionem

384 864 479 904 anni
510 861 792 904 MDCXXXI·
825 863 897 919 qui
927 863 1068 919 incipit
1088 878 1097 907 ,ε
1134 863 1289 907 Posteri
1312 894 1322 915 ,
1350 868 1531 920 posteri,
1555 871 1678 905 vestra
1701 879 1758 910 res

381 925 517 976 agitur
555 929 632 961 ete.
669 922 724 961 At
757 920 928 966 stultum
961 932 1020 963 est
1054 922 1240 964 homiues
1274 937 1463 974 monere,
1511 932 1553 965 ut
1603 922 1748 962 cecinit

383 989 492 1021 vates
526 978 766 1018 Venusinus
799 977 867 1020 lib.
901 978 933 1019 l.
968 978 1047 1020 Od.
1085 983 1108 1020 3
1142 994 1177 1019 v.
1218 981 1270 1028 25

501 1068 508 1077 .
546 1065 553 1073 ·
586 1065 597 1078 .
634 1067 642 1076 .
676 1035 830 1079 Audax
862 1038 996 1079 omnia
1026 1042 1185 1093 perpeti

505 1094 618 1139 Gens
653 1097 825 1137 humana
844 1127 854 1148 ‚
893 1101 971 1138 ruit
994 1113 1069 1152 per
1108 1102 1269 1137 vetitum
1304 1099 1430 1150 nefins.

387 1155 625 1194 Humanum
664 1154 928 1196 nihilominus
960 1169 1086 1209 genus
1120 1169 1278 1209 semper
1310 1154 1442 1195 audax
1475 1153 1644 1208 regionis
1678 1154 1752 1197 huf·

385 1213 445 1252 ius
480 1213 563 1253 heic
598 1211 1016 1268 vitam-tranquillam
1050 1212 1160 1267 agit,
1193 1227 1319 1268 eaque
1348 1213 1435 1254 loca
1470 1212 1655 1258 homines
1687 1228 1752 1269 p&

386 1271 521 1312 sanxie
550 1270 601 1310 ad
635 1270 900 1313 incolendum
920 1301 934 1322 ,
972 1270 1340 1327 rusticandumque
1370 1280 1579 1326 expetunt.

156 1342 310 1371 rueme„
331 1350 383 1369 ma.
501 1332 632 1372 Pauca
663 1328 813 1371 addam
844 1328 895 1370 de
914 1330 1162 1376 Vesuvianis
1178 1329 1381 1376 materiis:
1416 1329 1505 1370 illae
1523 1329 1632 1369 enim
1649 1329 1753 1385 quae

217 1385 311 1410 δεειᾈε.

154 2213 191 2238 De
213 2207 372 2244 Mephitibua

388 1404 513 1445 usque
546 1387 671 1429 modo
705 1403 750 1431 ex
783 1389 951 1437 Vesuvii
981 1388 1203 1431 visceribus
1249 1387 1437 1446 prodiere
1469 1388 1490 1440 (
1525 1387 1640 1429 hasce
1686 1402 1756 1427 no·

385 1457 524 1488 strates
555 1447 680 1488 Lave
713 1447 847 1503 lingua
878 1448 1006 1504 patria
1037 1446 1269 1505 appellant,
1300 1447 1393 1503 qnia
1412 1444 1534 1488 veluti
1565 1458 1669 1502 aqua
1691 1444 1757 1485 de-

382 1521 548 1547 currens
600 1506 703 1561 ignis
736 1522 819 1548 esse
868 1505 1029 1549 videtur
1061 1506 1078 1564 )
1114 1507 1208 1551 ferri
1257 1505 1492 1562 liquefacti,
1548 1505 1635 1546 sive
1668 1503 1749 1549 fusi

382 1564 600 1619 imaginem
632 1565 909 1620 praeseferunt.
941 1575 1131 1616 externe,
1157 1563 1228 1605 sed
1262 1564 1502 1607 intrinsecus
1535 1563 1632 1603 haec
1666 1575 1747 1601 ma-

384 1623 501 1663 teries
535 1622 737 1662 variarum
771 1637 906 1663 rernm
940 1633 999 1662 est
1034 1622 1282 1662 commixtio.
1316 1620 1423 1662 Cum
1457 1620 1551 1661 haec
1585 1632 1681 1660 vero
1699 1634 1749 1660 ex

382 1679 623 1722 Vesuvianis
654 1679 896 1734 producitur
926 1679 1159 1723 fornacibus
1178 1711 1189 1731 ‚
1221 1689 1320 1720 tunc
1352 1678 1476 1719 veluti
1499 1678 1749 1723 fermentum.

378 1749 449 1778 aut
479 1739 610 1779 mollis
642 1737 801 1779 videtur
834 1753 973 1780 massa.
1006 1738 1067 1778 Ea
1100 1752 1196 1780 vero
1228 1737 1335 1778 lente
1355 1736 1534 1777 decurrit
1556 1767 1570 1786 ,
1608 1744 1746 1775 exten-

380 1795 573 1853 diturque
605 1812 676 1853 per
706 1796 873 1849 longum
910 1796 1026 1846 viae,
1060 1811 1140 1852 qua
1176 1805 1312 1852 patet:
1347 1809 1443 1840 cum
1466 1804 1621 1835 tantem
1670 1793 1750 1833 hoe

387 1854 490 1909 ignis
521 1855 677 1897 flumen
711 1853 931 1910 refrigescit
954 1885 967 1904 ,
1000 1863 1098 1895 tunc
1132 1855 1476 1896 tenacissimarum
1496 1852 1756 1897 materiarum

388 1928 496 1954 mare
542 1913 655 1956 velut
706 1924 871 1970 apparet
907 1943 921 1964 ,
972 1915 1086 1954 cuius
1118 1911 1250 1955 undae
1283 1912 1514 1967 fluctusque
1551 1909 1753 1952 sedantur„

387 1971 496 2012 Hin'c
526 1974 775 2014 Mantuanus
792 1982 910 2028 poeta
942 1971 998 2012 sic
1032 1970 1082 2012 de
1113 1970 1233 2013 AEtna
1265 1970 1315 2012 ad
1347 1983 1434 2011 rem
1455 1968 1562 2009 canit.
1590 1964 1752 2012 AEueid.

386 2027 458 2068 ΙΙΙ.
492 2045 527 2071 v.
565 2031 659 2088 576.

389 2086 594 2129 Vidimus
624 2087 857 2130 undantem
895 2090 1030 2142 raptis
1050 2086 1307 2139 fornacibus
1344 2083 1521 2127 AEtnam

387 2143 781 2203 flammarumque
827 2147 972 2203 globos
991 2177 1002 2198 ‚
1035 2146 1353 2205 liquefactaque
1387 2143 1565 2185 volvere
1602 2156 1733 2183 saxa.

509 2204 709 2261 Mephites
742 2204 858 2260 plura
890 2203 1074 2245 efficiunt
1106 2203 1391 2261 phoimomena
1422 2199 1546 2243 oculis
1579 2201 1665 2242 visu
1700 2200 1758 2241 di·

385 2276 462 2319 gna
480 2293 495 2316 ,
533 2278 634 2320 quae
667 2262 833 2324 quidem
866 2263 1128 2320 reperiuntur
1159 2262 1200 2304 in
1236 2260 1505 2305 subterraneis
1525 2291 1537 2311 ,
1570 2269 1607 2302 et
1657 2258 1754 2301 locis
