1920 2579
372 68 457 110 208

371 136 546 182 poetam,
578 125 648 180 qui
682 126 786 167 viam
820 125 921 166 hanc
954 140 1195 176 amoenam,
1231 137 1352 183 atque
1383 127 1637 183 magnificam
1671 129 1740 170 de-

367 183 507 224 scribit
528 215 539 235 ‚
571 197 674 238 quae
704 198 905 239 posquam
937 184 1017 224 huc
1067 186 1357 240 perveniebat,
1406 202 1500 226 curn
1550 187 1739 243 Neapoli-

371 252 497 294 tana,
530 251 570 282 et
601 241 759 282 Nolana
793 241 1142 296 coniungebatur,
1189 242 1241 286 de
1274 260 1351 301 qua
1396 244 1502 286 infra
1557 245 1740 301 prodibit

374 314 522 341 sermo.

489 359 585 399 Non
619 356 737 411 longe
768 373 787 396 a
821 358 1052 399 Domitiana
1087 359 1145 403 via
1179 359 1262 401 duo
1294 360 1467 400 existunt
1499 360 1608 400 lacus
1657 361 1741 401 Lu-

378 415 514 455 crinus
546 414 696 455 scilicet
719 446 731 464 ‚
765 426 802 456 et
834 417 1021 457 Avernus
1052 417 1145 457 satis
1178 419 1456 459 Romanorum
1509 434 1607 458 aevo
1642 418 1740 458 cele-

378 472 484 513 brati
505 505 519 524 ,
557 484 593 513 et
625 487 647 512 a
680 473 946 529 scriptoribus
977 476 1204 529 saepissime
1234 476 1479 526 memorati,
1517 479 1596 516 sive
1619 478 1741 532 pisces

385 532 606 587 exquisitos
629 563 641 581 ,
674 531 756 572 sive
787 533 866 573 loci
899 534 1187 574 amoenitatem
1219 535 1414 589 respicies.

498 588 804 631 Herculaneum
835 591 910 630 iter
942 590 1019 630 fuit
1051 589 1151 630 illud
1182 591 1314 647 ipsum
1338 624 1353 642 ,
1387 592 1497 645 quod
1530 592 1739 648 qnondam

379 663 500 703 super
531 648 683 689 Baiano
715 648 1005 689 extendebatur
1037 649 1172 698 mari,
1223 650 1416 705 quodque
1463 650 1513 690 ab
1560 651 1736 691 Hercule

144 704 236 770 s,eji³
257 704 457 747 ffistffiafust
488 717 702 760 apertum,
737 717 775 747 et
806 721 956 747 nomen
991 705 1041 746 ab
1074 707 1161 760 ipso
1195 707 1452 762 desumpsit,
1485 723 1579 747 cum
1604 709 1737 749 victor

376 764 428 805 ab
460 764 654 820 Hispania
686 763 737 804 ad
770 764 917 805 isthaec
949 764 1130 819 pervenit
1162 764 1276 815 loca,
1327 767 1526 820 Geryonis
1573 766 1733 822 tyranni

366 822 493 864 boves
525 823 744 863 abducens.
779 822 1050 880 Symmachus
1092 823 1212 865 huius
1261 823 1449 865 facinoris
1483 828 1733 864 mentionem
1767 829 1770 831 ’

364 881 461 922 facit
493 880 566 923 lib.
606 896 637 922 1.
673 881 787 936 epist.
829 898 862 924 1.

480 940 734 981 Herculanea
764 940 886 995 igitur
917 939 981 980 via
1013 950 1097 980 erat
1131 954 1255 997 prope
1299 941 1438 993 Baias,
1489 951 1527 980 et
1580 941 1732 982 Bautos

360 996 472 1039 haud
503 999 649 1054 procul
681 1013 702 1038 a
734 999 945 1049 Lucrino,
984 1008 1021 1039 et
1054 1000 1157 1040 mari
1192 999 1300 1054 (1),
1359 1009 1398 1039 et
1443 999 1734 1039 extendebatur

459 1184 520 1232 (1)
548 1184 663 1234 Supra
689 1184 850 1220 diximus
876 1185 1139 1222 Herculaneum
1179 1188 1272 1221 viam
1302 1186 1410 1223 fuisse
1450 1198 1560 1236 prope
1600 1200 1696 1222 mare
1721 1203 1728 1222 :

362 1233 559 1271 hodiedum
588 1235 749 1271 eiusdem
775 1235 925 1283 vestigia
954 1235 1072 1272 adhuc
1100 1237 1166 1270 sub
1198 1236 1301 1271 undis
1330 1237 1456 1273 iacent.
1487 1237 1539 1271 Re
1571 1249 1654 1271 saue
1669 1249 1730 1272 ve-

360 1298 398 1321 ra
427 1297 508 1320 cum
536 1297 630 1320 mare
658 1284 897 1334 tranquillum
926 1292 1004 1329 est,
1051 1285 1095 1320 ad
1123 1286 1234 1321 litoris
1262 1285 1387 1321 Baiani
1417 1287 1511 1321 latus
1546 1287 1599 1320 via
1627 1286 1737 1321 silici-

359 1335 428 1370 bus
465 1334 605 1369 munita
645 1335 711 1370 sub
758 1333 859 1382 aquis
882 1334 1092 1382 adspicitur.
1121 1335 1291 1379 Quonam
1321 1336 1429 1371 modo
1458 1336 1525 1370 hoe
1553 1336 1731 1379 acciderit,

360 1384 622 1433 inquirendum
648 1384 757 1433 paulo
787 1383 891 1423 nobis
920 1391 987 1422 est.
1016 1384 1142 1421 Fuisse
1169 1385 1357 1435 quoddam
1396 1396 1536 1435 tempus
1565 1393 1701 1420 constat
1721 1412 1732 1429 v

360 1435 399 1469 in
426 1448 498 1484 quo
527 1446 623 1470 mare
651 1435 719 1470 fuit
748 1434 966 1483 depressum.
994 1437 1076 1471 Hoc
1105 1435 1399 1483 phoeuomenurn
1447 1435 1558 1470 dubio
1608 1436 1736 1483 procul

359 1485 400 1519 in
428 1492 501 1520 tota
526 1484 781 1521 Mediterranei
810 1485 916 1520 maris
943 1486 1131 1535 superficie
1158 1486 1308 1529 evenit,
1355 1493 1389 1520 et
1419 1485 1624 1534 praesertim
1677 1499 1736 1520 su-

361 1548 423 1585 per
449 1535 682 1584 Neapolitano
712 1535 877 1579 Cratera,
907 1536 1142 1584 Biiauoque;
1189 1547 1280 1585 quae
1308 1549 1361 1570 res
1410 1535 1593 1571 evidenter
1637 1548 1736 1570 coni-

362 1586 544 1634 probatur.
572 1586 619 1621 Et
645 1587 803 1635 primum
828 1584 886 1621 via
915 1586 1050 1622 isthaec
1085 1586 1307 1620 Herculanea
1326 1611 1337 1628 ‚
1375 1599 1467 1635 quae
1515 1585 1581 1620 sub
1630 1585 1734 1620 undis

364 1642 502 1679 restat,
532 1648 694 1684 quonam
720 1635 828 1671 modo
854 1635 953 1670 silice
979 1634 1170 1671 sternenda
1199 1642 1298 1677 erat,
1329 1635 1395 1681 nisi
1426 1641 1564 1682 tenipus
1595 1637 1737 1669 extitis-

365 1699 402 1723 se
429 1685 628 1729 credamus,
657 1686 694 1720 in
720 1699 793 1735 quo
820 1694 956 1722 veteres
983 1686 1106 1721 locum
1133 1684 1230 1720 hunc
1258 1684 1419 1721 nondum
1449 1686 1598 1719 mai-inis
1633 1685 1736 1732 aquis

367 1745 579 1785 coopertum.
605 1735 820 1783 reperientes
841 1762 850 1779 ‚
880 1736 977 1770 viam
1003 1734 1095 1770 hanc
1130 1733 1354 1772 condendam
1398 1735 1580 1770 Misenum
1623 1747 1739 1782 usque

368 1787 557 1834 cogitarim
576 1785 594 1819 ⁴?
623 1786 759 1821 Totum
786 1797 868 1820 vero
893 1785 1068 1821 Baianum
1086 1811 1095 1827 ‚
1137 1784 1445 1834 Puteolanumque
1474 1785 1560 1820 litus
1590 1785 1736 1819 omniuo

368 1844 573 1878 mutatum,
604 1842 638 1872 et
665 1847 760 1870 mare
786 1836 857 1871 suit
886 1833 1089 1879 elevatum,
1119 1842 1153 1869 et
1179 1834 1312 1870 vicinas
1361 1835 1453 1869 intra
1504 1843 1610 1869 terras
1646 1833 1734 1869 vinni

370 1888 524 1935 aperuit.
554 1886 855 1922 Phoenomenum
885 1884 979 1919 istud
1005 1895 1085 1932 post
1112 1885 1273 1920 Romani
1310 1885 1457 1933 Imperii
1484 1885 1624 1932 lapsum
1665 1897 1741 1918 eve-

369 1939 424 1972 nit
447 1965 457 1981 ,
485 1935 781 1985 quandoquidem
810 1944 971 1970 veterum
1001 1935 1218 1970 fabricarum
1245 1935 1313 1970 sub
1351 1934 1462 1970 undis
1490 1933 1615 1969 rudera
1656 1946 1744 1981 qua-

370 1998 565 2036 quaversus
595 1987 777 2022 visuntur.
804 1985 857 2020 Re
885 1996 968 2020 sane
996 1997 1078 2021 vera
1109 1985 1144 2019 in
1174 1984 1289 2028 mari,
1318 1983 1415 2033 quod
1442 1983 1485 2019 ad
1515 1983 1609 2020 Novi
1637 1984 1742 2018 'Mon-

373 2038 418 2072 tis
445 2035 578 2072 radices
607 2043 681 2079 est,
711 2035 781 2070 sub
833 2034 1006 2071 fluctibus
1070 2034 1219 2070 uaedam
1251 2034 1437 2071 columnae
1480 2047 1520 2069 ex
1566 2045 1740 2068 marmore

374 2095 598 2135 supersunt,
626 2097 714 2135 quas
743 2083 930 2134 quondam
956 2084 1000 2120 ad
1062 2084 1283 2133 ympharum
1314 2083 1488 2133 tempium
1527 2082 1737 2132 pertinuisse

379 2146 518 2173 certum
545 2142 607 2171 est.
637 2134 744 2183 Apud
773 2143 918 2184 portum
948 2147 1034 2170 vero
1062 2135 1197 2170 Iulium
1225 2135 1467 2169 Romanorum
1496 2132 1745 2168 aedificiorum

381 2185 555 2235 reliquiae
582 2186 768 2234 perplures
794 2192 903 2227 sunt;
931 2184 1038 2234 Apud
1066 2185 1221 2233 Capreas
1249 2185 1392 2232 insuper
1419 2195 1527 2231 prope
1564 2182 1649 2218 litus
1676 2180 1739 2236 Tt-

382 2236 473 2275 berii
499 2235 656 2277 Caesaris
683 2235 850 2273 villarum
878 2234 993 2272 adhuc
1022 2235 1188 2279 visuntur
1213 2234 1361 2278 ruinae,
1402 2245 1495 2282 quae
1532 2232 1599 2269 sub
1642 2230 1747 2268 undis
