1920 2579
323 114 378 158 44

327 177 423 204 cum
460 161 584 204 fuisse
620 163 724 204 ultra
741 164 874 207 Lirim
894 165 1088 207 creditur.
1108 167 1328 209 Patavinus
1342 178 1487 210 auctor
1504 166 1572 210 lib.
1596 170 1697 211 VIII
1720 199 1728 209 .

331 238 365 262 c.
403 234 426 261 2
459 220 569 262 hunc
603 224 657 263 ita
691 237 920 266 memorat:
954 226 1070 266 Huic
1110 227 1278 283 agmini
1302 226 1541 284 Torquatus
1560 226 1733 268 consul

335 279 395 320 ad
439 278 666 332 Trifanum
701 282 722 337 (
755 282 866 323 inter
891 283 1177 335 Sinuessam,
1221 285 1557 342 IVIinturnasque
1579 287 1617 326 is
1655 287 1727 325 lo-

335 351 412 378 cus
452 338 562 395 est)
603 344 801 382 occurrit.
842 341 1049 383 Diodorus
1096 341 1253 383 Siculus
1292 342 1365 385 lib.
1410 343 1529 384 XIV.
1570 359 1602 384 c.
1654 357 1710 398 91

342 395 562 438 Trifanum
596 398 674 438 hcc
700 395 828 454 prope
859 401 1086 441 Sinuessam
1126 400 1257 455 ponit⁴

106 459 124 485 V
143 467 156 482 ἢ
177 455 339 482 mmmm·
463 457 594 512 Prope
628 457 856 498 Sinuessam
889 469 974 499 erat
1005 460 1067 500 via
1102 459 1337 499 Domitiana
1368 456 1425 498 ita
1456 458 1580 512 dieta,
1611 459 1725 517 quod

170 974 306 1001 suess-111.

342 511 392 553 ab
426 512 501 553 hoc
532 515 781 570 Imperatore
821 516 898 557 fuit
930 527 1162 559 restaurata.
1196 519 1305 558 Haec
1337 531 1359 557 a
1393 517 1578 559 Sinuessa
1614 534 1710 574 pro-

343 586 395 627 pe
427 586 537 613 mare
569 572 759 614 Puteolos
784 589 911 630 usque
945 576 1275 631 protendebatur.
1306 576 1447 616 Livius
1464 575 1531 618 lib.
1550 574 1708 618 XXIII,

347 628 566 671 Consulem
585 632 876 688 Sempronium
892 634 966 674 hac
999 635 1071 676 iter
1089 634 1307 674 instituisse
1325 644 1475 688 narrat,
1495 651 1591 675 cum
1606 635 1723 677 Han-

348 686 494 728 nibalis
527 691 746 732 exereitum
779 707 911 748 prope
944 693 1189 733 Lintcrnum
1221 691 1463 747 profligavit.
1494 693 1613 734 Hanc
1646 708 1713 734 ve·

348 760 392 785 ro
426 747 532 789 viam
566 748 751 802 pluribus
782 748 929 789 abhinc
972 751 1087 789 annis
1124 758 1322 789 vetustate
1358 748 1625 803 conlapsam,
1678 760 1719 791 et

349 817 476 859 prope
510 805 764 860 deperditam
786 836 798 854 ,
831 816 870 846 et
904 806 1057 847 inviam
1090 805 1302 847 rotabilem
1347 805 1486 846 fecisse
1518 807 1723 849 Domitia·

350 874 450 901 num
490 862 642 919 liquet,
683 862 792 903 unde
821 874 957 919 postea
994 864 1238 905 Domitiani
1265 863 1328 903 via
1362 863 1472 905 dicta
1509 864 1600 906 fuit„
1636 866 1724 908 Sta-³

349 919 428 960 tius
463 921 557 961 Silv.
591 921 660 963 lib.
693 920 771 964 IV.
806 936 928 962 carm.
963 925 1002 964 3.
1037 921 1207 962 eandem
1239 920 1443 963 describit.

465 979 577 1020 Urbs
609 978 795 1027 Suessula
830 989 888 1019 est
908 978 1153 1036 Campaniae
1171 979 1447 1035 antiquissima
1471 995 1592 1036 super
1609 981 1716 1024 viam

340 1035 540 1078 Nolanam
561 1067 576 1087 ,
620 1047 658 1077 et
692 1050 740 1078 eo
790 1036 868 1077 fuit
901 1039 1000 1087 sita,
1039 1038 1107 1079 ubi
1139 1036 1432 1093 nunc'dicitur
1458 1038 1653 1089 Sessola,
1670 1049 1710 1079 et

341 1097 620 1145 castellone,
661 1110 729 1136 seu
772 1094 904 1135 Torre
942 1094 989 1135 di
1008 1095 1215 1136 sessola:
1248 1104 1429 1150 quatuor
1457 1096 1640 1137 milliaria
1657 1095 1708 1137 ab

339 1155 500 1196 Acerris
532 1153 668 1193 dissita
703 1152 854 1194 Nolam
892 1152 1025 1205 inter,
1063 1164 1101 1194 et
1134 1153 1334 1209 Capuam..
1371 1153 1555 1195 Eandem
1584 1154 1636 1196 ab
1651 1154 1709 1195 E=

338 1212 484 1253 truscis
511 1211 768 1254 aedificatam
807 1211 914 1253 fama
953 1221 1039 1252 est:
1080 1212 1175 1252 hinc
1209 1210 1391 1251 habitata
1428 1212 1614 1268 primum
1650 1211 1703 1252 ab

336 1270 413 1311 illis
450 1271 527 1312 fuit
547 1301 562 1321 ,
598 1280 738 1327 postea
775 1269 824 1312 ab
862 1269 992 1313 Oscis.
1022 1269 1166 1311 Strabo
1197 1269 1268 1311 lib.
1298 1272 1352 1311 V.
1382 1279 1423 1310 et
1453 1270 1608 1312 Plinius
1628 1269 1699 1312 1ib=

337 1327 454 1371 VIII.
495 1331 624 1385 ipsam
649 1338 810 1385 ponunt
842 1330 885 1370 in
914 1325 1164 1385 Campania3
1198 1342 1324 1384 quam
1345 1326 1490 1370 urbem
1506 1329 1709 1370 Samnites

337 1389 461 1429 etiam
503 1387 602 1430 olim
634 1397 901 1444 occuparunt.
935 1387 1123 1430 Cluerius
1149 1388 1238 1427 Ital.
1276 1396 1360 1427 ant.
1395 1385 1466 1426 lib.
1507 1386 1579 1428 IV.
1612 1401 1650 1429 c,
1683 1387 1710 1428 5

337 1448 392 1489 sic
425 1462 512 1489 eam
545 1445 762 1487 describit:
795 1445 927 1488 Haud
949 1447 1110 1501 procul
1143 1441 1330 1502 Acerris
1362 1454 1456 1486 erat
1472 1445 1714 1503 antiquissi-

338 1521 455 1546 mum
493 1505 640 1546 itidem
675 1504 848 1560 opidum
882 1504 1124 1555 Suessula,
1161 1503 1284 1546 cuius
1300 1505 1424 1545 locus
1442 1517 1557 1544 nunc
1576 1504 1712 1546 etiam

338 1573 520 1605 vocatur
560 1563 710 1604 Castel
742 1563 790 1604 di
820 1564 1001 1604 Sessola
1024 1597 1037 1616 ,
1080 1561 1152 1603 ubi
1169 1563 1333 1618 antiqui
1352 1560 1473 1616 opidi
1487 1561 1710 1619 quaedam

336 1622 480 1663 adhuc
510 1622 709 1662 visuntur
739 1626 906 1663 ruinae.
929 1622 983 1662 Et
1001 1619 1237 1661 Sanfelicius
1259 1622 1321 1660 De
1337 1620 1409 1659 Sit·
1435 1620 1584 1673 Camp.
1611 1634 1697 1675 pag.

337 1680 385 1721 31
424 1679 473 1720 de
505 1679 588 1735 ipsa
622 1678 746 1720 etiam
777 1679 916 1721 scribit
946 1680 1027 1719 hoc
1058 1675 1215 1718 modos
1254 1676 1455 1718 Acerrae
1483 1675 1710 1730 finitimae

335 1738 595 1779 Suessulaet
639 1737 815 1791 opidum
848 1742 984 1792 ipsum
1021 1735 1178 1776 interiit
1213 1735 1407 1775 relictum
1440 1749 1468 1774 a
1508 1735 1700 1787 civibus,

335 1797 410 1850 qui
436 1795 585 1837 eadem
622 1795 738 1836 coeli
765 1795 1042 1850 intemperie,
1080 1791 1358 1844 circumfusis
1396 1791 1542 1833 Clanis·
1557 1797 1697 1849 aquis,

335 1848 553 1896 obsidente
585 1849 751 1908 palude
769 1883 782 1903 ,
815 1853 962 1906 patriis
993 1860 1092 1893 sunt
1120 1852 1262 1893 coacti
1282 1848 1501 1891 excedere
1519 1850 1701 1891 lat-ibus.

449 1913 568 1953 Fines
601 1926 700 1952 vero
731 1913 815 1966 agri
849 1909 1082 1953 Suessulani
1117 1909 1169 1965 ad
1204 1907 1464 1949 occidentem
1505 1907 1699 1947 extende·

332 1969 481 2012 bantur
515 1970 566 2011 ad
602 1968 798 2010 Calatiam
831 1984 987 2025 usque,
1023 1976 1068 2008 ut
1101 1961 1322 2009 arbitratur
1357 1962 1617 2021 Pellegrin1us
1647 1963 1700 2005 de'

332 2032 439 2086 App,
459 2027 726 2085 Camp‚disc.
754 2023 806 2068 ΙΙ.
839 2042 923 2083 par.
959 2030 1011 2068 26
1046 2034 1087 2065 at
1118 2035 1165 2066 ex
1199 2021 1367 2065 meridie
1398 2021 1449 2062 ad
1468 2020 1617 2063 Nolam
1639 2037 1701 2063 ua-

330 2103 410 2143 que
433 2118 445 2137 ,
481 2087 594 2143 quod
629 2083 900 2128 confirmatur
929 2097 977 2125 ex
1016 2078 1287 2138 geographiS,
1317 2089 1366 2138 xet
1399 2081 1570 2122 vetustis
1618 2079 1688 2121 Iti-

329 2145 493 2186 nerariis
514 2176 527 2195 ,
563 2155 602 2186 et
634 2142 847 2201 praecipue
877 2158 922 2183 ex
947 2142 1271 2196 Peutingeriano·
1303 2135 1543 2179 Sanfelicins
1579 2137 1691 2179 idem

328 2204 466 2246 scribit
495 2200 680 2253 ibidem3
714 2200 1027 2243 Suessulanum
1061 2213 1215 2257 agr-um
1238 2197 1463 2252 excipiunt
1487 2193 1671 2237 Nolano
1688 2220 1704 2228 -

327 2279 422 2304 ram
453 2263 673 2317 populeta.
706 2260 754 2301 In
784 2259 954 2302 eandem
993 2258 1236 2301 sententiam
1267 2252 1474 2299 descendit
1515 2253 1688 2297 Ambro-

328 2324 408 2363 sius
441 2320 527 2363 Leo
559 2319 664 2362 Hist.
697 2317 794 2370 Nol·
825 2315 897 2360 lib„
932 2317 962 2359 I·
