1920 2579
1459 116 1536 157 185

160 176 315 220 tat-idus
348 171 535 233 quidum
566 181 654 216 erat
685 173 727 216 in
757 171 981 224 Pannonia,
1005 171 1045 213 in
1078 171 1240 215 Italiam
1274 184 1457 213 reversus
1481 204 1493 221 ,
1514 189 1535 215 e

162 235 312 278 throno
349 242 493 276 exacto
525 230 756 276 Grimoaldi
788 232 873 273 filio
894 263 907 279 ,
939 233 982 273 in
1014 231 1100 273 eius
1130 233 1270 274 locum
1291 229 1536 282 restituitur,

161 306 263 349 pace
295 292 407 335 Italis
439 289 529 333 data
549 322 562 342 ,
599 299 639 331 et
685 290 925 347 praesertim
959 289 1182 333 Graiorum
1214 288 1393 345 reliquiis
1414 321 1426 339 ,
1473 293 1543 347 qui

161 352 295 395 adhuc
328 353 465 408 plures
513 350 774 404 occupabant
805 348 937 390 urbes.
971 349 1026 389 At
1063 359 1157 408 post
1202 347 1449 390 decennium
1482 364 1544 390 re-

164 410 305 466 gnavit
338 408 583 450 Cunibertus
623 407 746 450 filius.
787 408 896 449 Hinc
929 407 1170 451 Luitbertus
1210 421 1315 448 anno
1349 405 1471 447 DCC.
1507 418 1546 450 et

165 469 291 524 paulo
328 476 420 523 post
455 466 753 521 Ragumbertus
775 498 785 518 ,
835 475 873 508 et
931 465 1146 509 Aribertus
1197 466 1247 506 II.
1299 478 1549 508 successere.

166 524 495 581 Quatuordecim
528 534 619 581 post
650 539 776 567 annos
796 525 987 566 Saraceni
1011 557 1021 573 ,
1053 527 1122 583 qui
1157 532 1273 566 antea
1304 524 1345 565 in
1363 522 1548 567 Siciliam

167 584 414 627 advenerant
436 614 449 632 ,
481 581 530 624 ad
565 583 758 626 Calabras
797 598 889 625 oras
924 597 1021 625 cum
1053 586 1181 627 classe
1215 580 1545 640 accedunt,ple·

169 657 316 700 resque
351 642 602 699 populantur
635 642 755 685 urbes
788 641 862 684 sub
894 642 1085 686 Farichio
1118 644 1297 700 ipsosum
1341 640 1547 683 immanis-

170 703 274 749 simo
304 700 422 743 duce.

285 760 389 801 XLI.
423 757 702 815 Luitprandus
736 770 872 802 autem
909 759 978 816 qui
1016 758 1307 801 Ildebrandum
1341 757 1383 799 in
1403 758 1544 814 Regno

171 817 373 869 sociarat,
408 817 583 858 moritur
615 818 808 860 omnibus
841 818 953 859 Italis
986 818 1171 860 defletus
1208 816 1403 874 Princeps
1439 818 1550 859 enim

171 876 351 932 optimus
385 877 415 916 is
446 875 606 926 fuerat,
641 876 779 933 reique
814 876 1001 918 militaris
1037 876 1304 933 peritissimus
1327 907 1338 925 ‚
1372 883 1412 917 et
1430 875 1548 917 Chri-

172 938 401 976 stianarum
431 934 631 976 virtutum
667 934 716 976 ad
751 950 934 992 unguem
968 935 1112 977 faetus.
1150 935 1258 976 Cum
1291 935 1546 975 Beneventa-

171 1009 256 1042 no,
289 991 580 1050 Spoletinoque
614 993 798 1036 Ducibus
846 993 914 1035 diu
952 993 1205 1042 bellaverat,
1244 994 1392 1049 quippe
1440 990 1551 1049 quod

171 1051 298 1093 iidem
334 1053 591 1093 Graecorum
628 1061 761 1107 partes
798 1053 838 1093 in
876 1051 991 1093 Italia
1024 1061 1291 1105 susceperant
1326 1050 1434 1092 Hinc
1454 1065 1553 1092 cum

173 1110 355 1152 exercitu
391 1109 540 1162 ingenti
573 1109 622 1151 ad
657 1111 884 1166 Spoletium
918 1111 1131 1165 primum,
1158 1107 1251 1150 inde
1272 1109 1553 1150 Beneventum

172 1169 350 1225 perrexit
370 1183 379 1207 ε
416 1178 645 1224 pugnatum
679 1169 870 1224 utrinque
889 1168 976 1209 fuit.
996 1171 1164 1209 Ducum
1181 1167 1347 1223 agmina
1366 1166 1551 1216 effracta,

172 1237 213 1269 et
245 1226 335 1267 fusa
376 1225 500 1267 fuere.
534 1226 731 1268 Ildericus
771 1226 898 1276 hinc,
931 1235 969 1267 et
999 1224 1363 1268 Trasimundusex
1385 1227 1550 1267 Ducatu

166 1284 358 1343 expulsi,
393 1293 433 1326 et
467 1286 552 1326 eius
588 1285 629 1325 in
661 1285 800 1327 locum
834 1285 901 1326 alii
935 1285 1141 1341 principes
1158 1283 1330 1326 suffecti.
1352 1285 1435 1325 Pax
1454 1281 1549 1325 inde

172 1359 270 1387 cum
302 1342 555 1399 Spoletinis,
607 1343 987 1400 Beneventanisque
1037 1343 1278 1400 composita.
1325 1343 1415 1383 Iam
1463 1343 1553 1397 plu-

172 1418 236 1443 res
274 1416 399 1443 annos
432 1399 712 1455 Luitprandus
750 1404 936 1455 Regnum
972 1400 1328 1444 administraverat
1367 1415 1465 1442 cum
1495 1401 1551 1442 Il-

172 1457 378 1501 debrando
413 1458 494 1515 (ut
524 1458 733 1512 diximus)
752 1459 819 1515 qui
857 1460 969 1501 solus
990 1469 1082 1516 post
1114 1460 1224 1500 illius
1256 1458 1420 1499 obitum
1437 1459 1552 1500 thro-

171 1534 273 1559 num
311 1517 564 1573 occupavit,
603 1525 643 1558 et
680 1527 836 1573 septem
855 1527 947 1573 post
979 1533 1139 1559 menses
1159 1516 1378 1559 virtutibus
1403 1532 1548 1560 carens

172 1575 275 1618 solio
305 1575 382 1617 fuit
420 1575 587 1617 eiectus.
622 1575 886 1628 Langobardi
920 1590 1029 1617 anno
1063 1575 1342 1619 DCCXLIV.
1371 1575 1547 1617 Rachim

172 1632 465 1676 Foroiuliensis
520 1635 678 1675 Ducem
719 1632 860 1675 Italiae
901 1635 1057 1689 Regem
1109 1633 1463 1686 consalutaruut3
1509 1646 1551 1677 et

172 1693 361 1750 quintum
394 1701 482 1747 post
515 1706 667 1732 aunum
702 1690 802 1732 dum
834 1692 990 1734 bellum
1017 1691 1121 1746 gerit
1156 1707 1255 1734 cum
1287 1690 1511 1748 Spoletinis
1533 1725 1543 1745 ,

172 1752 460 1793 Beneventano
492 1753 640 1799 Duce,
672 1749 842 1806 aliisque
876 1750 1067 1806 populis,
1089 1759 1128 1792 et
1159 1751 1241 1791 iam
1275 1750 1363 1792 eius
1397 1751 1549 1793 exerci-

174 1817 239 1851 tus
270 1807 319 1849 ad
339 1808 552 1850 Perusiam
586 1805 789 1858 tendebat,
809 1825 906 1850 curn
938 1808 1185 1851 zaccharias
1207 1807 1421 1850 Romanus
1445 1812 1549 1850 Pon-

177 1866 274 1908 tifex
314 1866 444 1908 Roma
481 1865 685 1922 profectus
708 1896 720 1915 ‚
754 1875 798 1907 ut
829 1866 1002 1909 Rachim
1034 1866 1294 1924 persuaderet
1331 1866 1380 1907 ad
1402 1882 1549 1923 pacem

178 1941 275 1969 cum
308 1923 494 1966 hostibus
532 1923 890 1981 componendam,
923 1925 1129 1981 extemplo
1160 1924 1246 1966 Rex
1281 1939 1366 1966 non
1411 1927 1548 1969 solum

179 1999 324 2042 pacem
348 1981 493 2024 iisdem
525 1981 624 2031 dat,
656 1990 695 2024 et
728 1982 918 2039 Regnum
957 1981 1116 2025 abdicat
1141 2014 1152 2032 ,
1171 1999 1315 2024 verum
1351 1983 1477 2026 etiam
1499 2001 1548 2027 ex

174 2044 292 2097 Rege
334 2040 587 2083 casinatium
620 2042 848 2083 monachus
879 2041 1025 2092 factus,
1044 2050 1085 2083 et
1114 2042 1353 2098 Aystulfum
1381 2041 1550 2086 fratrem

176 2099 309 2157 Regni
329 2099 523 2149 bahanes,
540 2109 584 2140 ut
615 2100 834 2156 acciperet,
854 2098 1121 2157 rogatzquod
1136 2109 1275 2142 actum
1298 2100 1431 2142 subito
1456 2101 1545 2145 fuit.

299 2158 433 2198 xm.
474 2157 555 2199 §ub
605 2157 683 2199 hoc
719 2158 906 2215 principe
938 2158 1200 2201 Graecorum
1245 2174 1307 2200 res
1343 2159 1384 2199 in
1432 2159 1548 2202 Italia

184 2215 350 2260 tandem
397 2223 486 2271 post
520 2225 581 2258 tot
629 2217 794 2260 saecula
853 2218 1023 2260 omnino
1080 2217 1375 2259 conclamatae.
1423 2222 1546 2260 Anno

180 2274 291 2320 enim
304 2272 523 2375 TDCCII„III-
554 2273 652 2318 dum
683 2275 897 2333 Aystulfus
930 2275 1027 2334 ipsis
1064 2276 1223 2318 bellum
1255 2276 1375 2319 infert
1420 2278 1542 2334 (iam

336 2346 419 2375 om.
462 2365 489 2379 ,,
1067 2342 1120 2391 24
