1920 2579
290 175 336 216 In
371 171 516 214 eodem
549 186 652 230 agro
686 173 796 217 fuere
830 174 924 218 urbs
957 174 1075 219 Cales
1101 207 1111 225 ‚
1145 191 1247 234 quae
1280 191 1389 221 nunc
1432 177 1541 220 Calvi
1563 178 1670 223 diei-³

288 241 355 273 tur
374 263 385 280 ,
421 241 578 288 septem
612 230 739 273 millia
770 249 964 291 passuum
998 252 1020 277 a
1044 237 1186 291 Capua
1206 234 1344 279 dissita
1372 268 1382 288 ,
1411 252 1530 279 secus
1547 238 1664 281 viam

287 290 488 332 Latinam.
523 289 666 334 Livius
699 290 769 333 lib.
804 292 919 336 VIH.
953 308 989 338 c.
1033 308 1079 335 ιο
1115 293 1223 336 hanc
1259 294 1404 336 urbem
1445 296 1494 337 ab
1526 298 1661 338 Auso-

286 349 403 390 nibus
431 350 533 389 olim
566 348 791 392 habitatam
818 367 903 393 esse
934 349 1073 393 credit.
1110 351 1202 409 Ipsa
1242 368 1338 395 vero
1356 353 1505 395 nobilis
1528 355 1668 397 evasit

283 406 327 447 in
362 409 645 449 Romanorum
671 407 839 450 historia
875 410 925 451 ob
946 407 1124 454 diversas
1141 409 1467 454 vicissitudines:
1502 427 1661 454 memo·

283 474 398 506 ratur
433 465 650 522 praecipue
684 467 736 509 ob
763 466 968 525 quandam
1003 483 1151 525 aquam
1199 469 1248 511 ab
1297 470 1472 526 antiquis
1510 469 1656 512 lauda-

284 532 366 563 tam
387 554 397 573 ,
430 523 546 564 cuius
570 524 821 568 mentionem
851 525 1033 568 fecerunt
1065 527 1250 569 Valerius
1290 529 1493 569 Maximus
1524 529 1599 569 lib.
1624 529 1654 569 Ι.

282 596 321 622 c.
364 583 410 623 18
446 579 495 622 de
531 581 675 624 Mirac.
708 592 748 625 et
783 584 939 627 Plinius
974 584 1044 626 lib.
1079 585 1132 627 II.
1180 601 1214 627 c.
1257 586 1654 629 103>N0bilissima

284 654 447 696 qnoque
463 640 559 682 vina
580 641 753 697 protulit
766 641 942 685 Calenus
962 659 1056 698 ager
1076 660 1086 685 ε
1112 658 1288 700 quorum
1308 644 1541 686 Venusinus
1559 658 1659 702 poe-

283 706 324 739 ta
367 698 556 739 meminit
593 698 663 740 lib.
702 699 732 740 I.
766 698 832 740 od.
866 714 934 741 20.

397 756 443 795 In
476 770 522 796 ea
553 755 654 797 urbe
676 756 966 806 Romanorum
995 771 1097 799 aevo
1116 766 1253 799 erecta
1283 757 1395 799 fuere
1423 757 1536 799 varia
1560 766 1658 801 ten-*v

280 812 350 866 pla
374 845 387 865 ,
416 821 461 853 ut
494 811 628 854 adhuc
661 812 798 862 videre
833 823 893 855 est
926 829 973 856 ex
1005 814 1216 872 pluribus,
1256 830 1358 872 quae
1391 823 1545 858 restant
1574 816 1656 857 rui-

279 870 356 910 nis.
396 869 492 911 Fuit
530 869 623 912 heic
661 872 872 914 Mercurio
899 871 1016 914 aedes
1045 873 1208 924 dicata3
1266 882 1485 930 supersunt
1516 871 1655 917 adhuc

280 926 393 969 urbis
427 927 621 984 antiquae
652 929 817 970 moenia
837 960 849 979 ,
886 939 925 971 et
959 931 1001 970 in
1021 931 1147 971 ruinis
1181 928 1416 972 adhucdum
1451 945 1559 979 vasa,
1587 947 1662 973 nu-

278 986 506 1035 mismata,
550 986 699 1042 signa,
749 986 910 1045 aliaque
944 986 985 1028 id
1025 1001 1153 1043 genus
1186 989 1338 1044 passim
1383 988 1657 1032 eff.)diuntur.

279 1044 427 1086 Paucis
461 1043 611 1087 abhinc
647 1044 764 1086 annis
795 1054 961 1103 reperta
997 1045 1107 1087 fuere
1146 1061 1352 1088 marmora
1400 1046 1601 1103 quaedam
1639 1063 1662 1088 a

278 1102 457 1144 Matthia
494 1102 622 1156 Zona,
665 1104 837 1145 recitata
873 1103 1007 1145 Storia
1029 1101 1068 1143 di
1109 1103 1224 1144 Calvi
1249 1119 1283 1145 c.
1323 1108 1383 1145 16.
1403 1104 1654 1144 1⁴3ximmen-

235 1180 240 1187 «-
282 1161 334 1202 sis
370 1161 493 1202 etiam
528 1170 785 1205 vetustarum
816 1160 1066 1204 fabricarum
1099 1159 1313 1202 ruderibus
1330 1163 1439 1204 clare
1458 1164 1649 1219 patescit,

278 1221 321 1260 in
354 1219 437 1262 hoc
473 1218 596 1276 opido
628 1219 799 1262 Circum
828 1219 982 1270 fuisse,
1028 1228 1069 1261 et
1102 1218 1463 1277 amphitheatrum.
1497 1219 1659 1261 Videsis

278 1277 493 1319 laudatum
529 1278 688 1319 zonam
712 1294 748 1321 c.
787 1281 824 1321 8.
862 1277 1006 1322 Fuisse
1033 1277 1159 1322 etiam
1191 1278 1334 1320 balnea
1371 1295 1420 1322 ex
1456 1277 1548 1322 aliis
1577 1278 1655 1321 rui-

279 1337 342 1378 nis
381 1335 535 1378 indicat
572 1335 682 1377 idem
719 1346 877 1380 auctor.
1046 1360 1049 1361 ν

402 1396 526 1437 Anno
574 1394 627 1436 V.
661 1395 708 1437 C.
748 1393 1018 1440 CCCCXIX.
1068 1393 1117 1437 C.
1157 1393 1254 1437 Tito
1281 1394 1481 1445 Valerio,
1519 1403 1559 1436 et
1602 1397 1662 1436 M.

286 1452 434 1495 Attilio
482 1453 642 1509 Regulo
685 1453 799 1496 Coss,
847 1454 1028 1497 subactis
1079 1452 1226 1497 vicinis
1279 1453 1500 1510 gentibus,
1542 1454 1656 1495 Sam-

286 1511 441 1554 nitibus
463 1543 478 1563 ,
516 1513 731 1554 Frentanis
755 1543 768 1562 ‚
804 1512 1010 1555 Auruncis
1032 1544 1045 1563 ‚
1079 1512 1246 1569 aliisque
1266 1543 1278 1563 ,
1309 1513 1511 1562 Ausones,
1535 1521 1572 1553 et
1598 1510 1658 1551 Si-

288 1569 413 1613 dicini
450 1569 634 1610 nondum
665 1570 706 1610 in
741 1573 1023 1612 Romanorum
1051 1585 1197 1612 manus
1231 1578 1511 1626 pervenerant.
1553 1570 1661 1610 Hinc

291 1645 313 1670 a
344 1627 533 1670 Patribus
558 1627 810 1684 Conscriptis
851 1627 893 1669 id
927 1628 1023 1669 belli
1057 1627 1272 1683 negotium
1303 1627 1444 1669 datum
1476 1626 1661 1669 miscet-

291 1688 350 1728 les
387 1696 485 1727 tunc
513 1683 681 1726 Sidicini
713 1685 950 1728 incolebant
970 1685 1115 1727 urbem
1131 1685 1474 1737 munitissimam,
1508 1685 1659 1726 muris-

295 1760 373 1801 que
408 1745 603 1786 cinctam.
632 1743 751 1786 Tunc
782 1743 939 1785 Consul
967 1744 1156 1785 Valerius
1195 1741 1243 1783 ad
1291 1743 1407 1784 illam
1443 1745 1661 1800 appropin-

294 1803 454 1859 quavit.
496 1802 682 1843 Militum
713 1800 833 1842 ardor
868 1802 901 1841 is
928 1810 1034 1853 erat,
1068 1812 1113 1843 nt
1144 1802 1227 1842 iam
1263 1802 1382 1842 scalis
1432 1800 1480 1842 ad
1521 1816 1661 1843 muros

295 1860 449 1904 velient
487 1858 738 1911 succedere3
767 1869 807 1900 at
841 1859 999 1901 Consul
1022 1859 1072 1901 ab
1108 1860 1300 1915 incoepto
1334 1860 1464 1901 voluit
1499 1858 1660 1900 desiste·

290 1935 362 1971 re,
400 1929 439 1960 et
472 1932 667 1974 aggerem
687 1949 700 1967 ‚
732 1926 771 1958 et
805 1918 942 1959 vineas
969 1932 1090 1959 muro
1121 1918 1310 1959 admovit.
1358 1917 1479 1959 Forte
1497 1916 1660 1958 fortuna

301 1977 455 2022 accidit
477 2007 489 2026 ‚
524 1985 570 2018 ut
600 1974 765 2034 quidam
796 1975 1004 2018 Romanus
1038 1975 1155 2016 miles
1187 1977 1243 2016 M.
1279 1973 1428 2015 Fabius
1462 1973 1628 2016 nomine
1647 2005 1660 2023 ,

293 2036 364 2088 qui
403 2035 588 2092 captivus
627 2032 677 2076 ad
711 2033 831 2075 Cales
864 2043 968 2084 erat,
1002 2048 1074 2089 per
1107 2031 1321 2075 custodum
1344 2032 1658 2089 negligentiam,

294 2089 392 2135 dum
419 2094 526 2136 cives
551 2093 651 2135 festo
670 2123 683 2143 ,
716 2091 896 2148 vinoque
931 2099 1064 2132 essent
1089 2091 1269 2148 sepulti,
1310 2104 1382 2145 per
1405 2105 1568 2132 murum
1601 2091 1659 2146 ip-

289 2168 331 2194 ee
355 2161 460 2193 reste
500 2151 669 2207 religata
699 2149 887 2192 manibus
922 2164 1142 2207 suspensus
1170 2164 1212 2191 se
1230 2147 1467 2201 demiserit,
1500 2157 1540 2190 et
1561 2163 1657 2189 curn

292 2211 343 2252 ad
373 2210 664 2268 imperatorem
697 2208 979 2266 pervenisset,
1010 2207 1147 2250 hostes
1181 2206 1340 2249 monuit
1372 2207 1468 2249 vino
1504 2206 1654 2262 epulis-

289 2285 367 2328 que
405 2269 559 2327 sopitos
599 2270 744 2314 iacere.
781 2267 886 2311 Hinc
902 2267 1040 2311 statim
1073 2266 1167 2309 urbs
1202 2277 1336 2326 capta.
1366 2265 1412 2311 Id
1427 2280 1548 2308 omne
1566 2280 1656 2311 nat-7

1892 385 1899 391 n
