1920 2579
325 121 406 160 266

304 175 415 216 'simi
446 174 522 217 sub
556 175 644 230 ipso
676 189 816 216 eorum
849 172 1055 232 pondere,
1087 183 1209 233 atque
1230 176 1511 232 magnitudine
1536 179 1695 237 depres-

281 251 284 252 ’
324 233 355 274 si
387 233 528 284 fuere,
562 234 664 275 dnm
697 233 778 289 ipsa
812 235 941 275 moles
988 232 1131 276 iisdem
1183 236 1342 278 nocuit.
1393 235 1501 278 Hinc
1549 238 1694 282 eodem

322 307 369 333 ex
405 303 585 347 tempore
610 291 728 333 luxus
747 326 760 344 ‚
782 303 820 333 et
840 291 1005 333 divitiae
1022 292 1284 337 introductae
1308 293 1528 336 fueruntin
1553 296 1696 340 urbem

321 365 414 391 cnm
449 350 653 391 immensis
685 352 882 391 thesauris
915 366 962 392 ex
993 350 1162 393 devictis
1208 351 1437 409 provinciis.
1490 354 1551 395 Ea
1599 370 1693 397 vero

321 410 583 464 temperantia
605 440 617 458 ,
655 424 760 464 quae
791 423 959 464 magnos
991 409 1280 452 efformaverat
1312 410 1436 452 duces
1470 412 1582 454 haud
1604 429 1691 454 am·

320 467 424 522 plius
459 467 669 509 amabatur
690 499 702 517 ‚
755 479 877 524 atque
923 468 1001 510 fuit
1033 468 1235 525 despecta.
1258 469 1432 510 Romani
1468 470 1615 512 deinde
1634 472 1692 513 ef·

319 526 415 566 fusis
434 525 596 567 habenis
618 542 637 566 a
658 537 768 568 tanta
789 538 1043 582 paupertate,
1060 537 1100 568 et
1118 526 1351 581 frugalitate
1371 527 1529 570 vivendi
1552 531 1690 571 statim

317 582 367 625 ad
398 583 539 626 luxum
561 616 571 635 ,
593 596 629 625 et
661 585 877 628 mollitiem
896 586 1078 626 animum
1103 585 1348 642 applicuere.
1380 587 1487 628 Hinc
1510 589 1693 644 apposite

318 642 554 684 Paterculus
586 642 656 686 hb.
700 658 762 685 11.
795 660 828 685 c.
856 657 906 702 ὁ.
940 643 990 684 de
1022 641 1169 685 iisdem
1204 642 1358 685 scribit.
1393 644 1570 696 Sublata
1602 646 1694 687 Im·

313 701 430 754 perii
447 703 620 742 aemula
657 701 673 759 (
705 702 949 757 Cartbggine
980 700 997 757 )
1031 715 1118 743 non
1151 701 1336 757 gradu,
1366 703 1449 743 sed
1475 705 1691 759 praecipi-

316 760 350 801 ti
383 774 513 801 cursu
545 775 572 800 a
606 761 762 802 virtute
794 760 1003 801 descitum
1026 790 1037 811 ,
1075 760 1137 801 ad
1167 761 1266 803 vitia
1299 770 1609 805 transcursum.

431 818 572 874 Vsque
602 818 702 860 dum
735 821 866 860 Roma
897 818 1013 860 Italia
1045 829 1203 861 tantum
1236 817 1317 860 fuit
1350 818 1559 861 dominata
1579 851 1590 872 ,
1622 835 1693 876 per

314 875 486 930 seipsam
516 876 758 918 subsistebat
783 893 793 918 ε
830 879 1002 933 quisque
1023 877 1120 918 civis
1168 887 1255 919 erat
1296 876 1443 928 miles,
1464 889 1586 936 atque
1617 892 1692 934 pa-

316 934 437 976 triam
468 935 664 984 amabat3
696 937 867 993 quisque
912 935 1068 978 Consul
1099 935 1292 977 exercitui
1324 946 1539 992 praeerat,
1569 947 1691 992 atque

317 992 422 1035 cives
454 994 506 1035 ad
538 994 693 1037 bellum
715 993 984 1051 properabant
1005 994 1081 1036 sub
1111 996 1221 1036 iussu
1257 993 1367 1036 illius
1388 1025 1399 1047 ‚
1432 995 1504 1051 qui
1555 1009 1690 1036 succe·

314 1050 464 1104 debat,
497 1064 535 1093 et
569 1053 768 1096 Consules
800 1055 874 1109 ipsi
917 1053 1071 1097 senatui
1104 1051 1312 1109 parebant.
1346 1052 1492 1094 Statim
1527 1068 1623 1096 vero
1643 1067 1690 1094 ac

316 1110 489 1164 legiones
524 1110 681 1166 Alpes,
718 1123 841 1167 atque
881 1126 993 1152 mare
1039 1113 1312 1164 transierunt,
1346 1111 1495 1152 milites
1541 1113 1690 1154 sensim

314 1169 467 1223 patriae
498 1184 680 1211 amorem
711 1169 937 1211 deseruere.
971 1171 1170 1213 Consules
1203 1170 1286 1210 vim
1307 1170 1501 1211 maiorem
1542 1169 1691 1213 habue-

315 1242 358 1268 re
380 1257 394 1277 ,
431 1236 470 1266 et
502 1227 650 1269 milites
683 1229 722 1268 in
754 1225 876 1268 duces
908 1226 1201 1268 confidebant.-
1233 1241 1282 1268 ex
1314 1241 1364 1268 eo
1410 1238 1594 1284 tempore
1625 1229 1690 1269 ha-

315 1284 372 1327 ud
403 1286 578 1342 amplius
623 1285 870 1342 reipublicae
900 1283 1048 1327 milites
1080 1295 1226 1336 erant,
1261 1285 1331 1326 sed
1362 1284 1512 1336 Sillae,
1541 1286 1692 1338 Mario,

318 1345 547 1399 Pompeio,
585 1355 706 1401 atque
738 1344 895 1386 Caesari
928 1356 1090 1385 morem
1138 1342 1343 1398 gerebant.

438 1402 547 1445 Cum
577 1403 709 1445 Roma
746 1402 921 1446 civitatis
952 1402 1016 1443 ius
1045 1401 1118 1443 toti
1154 1400 1266 1442 dedit
1296 1401 1433 1444 Italiae
1452 1433 1465 1452 ,
1513 1403 1597 1445 vim
1639 1415 1693 1447 at·

314 1476 394 1517 que
410 1461 609 1504 libertatis
627 1463 807 1518 vigorem
837 1460 1030 1518 perdidit.
1064 1460 1177 1503 Hinc
1195 1459 1380 1502 nondum
1401 1461 1479 1504 fuit
1496 1459 1559 1502 illa
1576 1462 1690 1514 urbs,

317 1521 432 1562 cuius
463 1519 640 1578 populus
671 1535 800 1563 unum
833 1518 1036 1562 efficiebat
1066 1520 1271 1575 spiritum.
1306 1519 1593 1578 Italiaepopuli
1612 1522 1691 1564 Ro-

315 1579 426 1620 mani
456 1581 562 1623 cives
595 1579 761 1633 effecti,
794 1592 1062 1636 unaquaeque
1095 1577 1191 1620 urbs
1222 1591 1319 1619 suos
1351 1593 1517 1631 mores,
1569 1590 1692 1636 atque

317 1653 413 1680 usus
445 1638 597 1683 intulit.
630 1641 824 1681 Lacerata
856 1651 903 1680 eo
933 1636 1060 1681 modo
1092 1635 1224 1686 urbe,
1256 1635 1367 1679 haud
1398 1652 1446 1678 ex
1492 1652 1540 1679 eo
1589 1649 1694 1680 tem-

317 1711 418 1753 pore
449 1698 529 1740 fuit
561 1712 642 1739 una
674 1697 800 1750 urbs,
833 1712 966 1754 neque
996 1696 1180 1755 amplius·
1203 1694 1361 1738 senatui
1393 1695 1688 1753 parebatzhaec

311 1756 591 1813 corruptionis
623 1755 861 1798 universalis
892 1770 1027 1800 causa.
1060 1754 1156 1796 Silla
1187 1755 1229 1795 in
1270 1756 1353 1796 suis
1371 1754 1693 1810 expeditionibus

314 1813 356 1855 in
387 1816 530 1859 Asiam
573 1831 669 1858 suos
717 1814 865 1857 milites
908 1815 963 1856 ad
1012 1812 1295 1870 praedandum
1345 1812 1554 1866 instituit,
1595 1828 1690 1856 cum

312 1873 396 1928 ipse
427 1876 509 1918 suis
540 1875 720 1932 primum
752 1872 984 1930 exemplum
1017 1872 1227 1923 dedisset,
1262 1886 1308 1913 ac
1340 1882 1476 1926 postea
1528 1873 1571 1914 in
1617 1873 1694 1914 Ita-

314 1931 410 1976 liam
444 1949 625 1977 reversns
644 1966 660 1986 ,
695 1948 741 1975 ac
776 1932 1036 1989 triumphans
1074 1932 1116 1973 in
1164 1931 1308 1973 urbem
1353 1930 1556 1986 ingressus·
1572 1962 1589 1983 ‚
1638 1933 1692 1973 ci·

316 1992 429 2034 vium
469 2008 586 2049 agros
617 1991 800 2049 primum
829 1992 912 2034 suis
948 1990 1115 2042 divisit,
1143 2005 1239 2032 cum
1269 1988 1358 2031 illos
1389 1987 1559 2044 praedae
1603 1991 1692 2034 avi-

317 2048 391 2094 dos
422 2051 591 2095 fecisset.
627 2052 739 2093 Hinc
769 2066 843 2107 per
874 2050 991 2092 civile
1020 2048 1173 2091 bellum
1207 2046 1502 2105 rempublicam
1533 2050 1690 2092 evertit:

318 2109 414 2152 inde
449 2110 595 2155 urbem
631 2110 780 2152 infesto
812 2109 991 2152 exercitu
1022 2108 1254 2165 ingressus,
1289 2117 1464 2165 quatuor
1494 2107 1617 2148 millia
1643 2106 1697 2147 ci-

316 2168 426 2211 vium
447 2201 462 2221 ,
499 2170 570 2227 qui
602 2169 724 2212 Marii
755 2179 888 2223 partes
940 2167 1100 2210 fuera-nt
1150 2167 1310 2219 secuti,
1361 2164 1534 2208 interfici
1579 2165 1694 2206 iussit

320 2239 481 2283 praeter
513 2227 698 2270 infinitos
729 2228 841 2269 alios.
871 2229 933 2269 Ex
964 2241 1012 2269 eo
1031 2238 1215 2287 tempore
1232 2225 1481 2282 septuaginta
1516 2223 1692 2265 millium

320 2287 425 2329 cives
461 2287 718 2346 proscripsit.
750 2286 973 2342 Pompeius
1014 2296 1153 2343 postea
1186 2284 1306 2327 Marii
1330 2317 1341 2338 ,
1373 2294 1411 2326 et
1426 2281 1546 2326 Sillae
1576 2282 1696 2325 etiam
