<?xml version="1.0" encoding="UTF-8"?>
<!DOCTYPE html PUBLIC "-//W3C//DTD XHTML 1.0 Transitional//EN"
    "http://www.w3.org/TR/xhtml1/DTD/xhtml1-transitional.dtd">
<html xmlns="http://www.w3.org/1999/xhtml" xml:lang="en" lang="en">
 <head>
  <title>
</title>
<meta http-equiv="Content-Type" content="text/html;charset=utf-8" />
  <meta name='ocr-system' content='tesseract 3.04.00' />
  <meta name='ocr-capabilities' content='ocr_page ocr_carea ocr_par ocr_line ocrx_word'/>
</head>
<body>
  <div class='ocr_page' id='page_1' title='image "./universiaecampan01laur/universiaecampan01laur_0020.png"; bbox 0 0 1920 2579; ppageno 0'>
   <div class='ocr_carea' id='block_1_1' title="bbox 357 191 1737 2049">
    <p class='ocr_par' dir='ltr' id='par_1_1' title="bbox 358 191 1728 704">
     <span class='ocr_line' id='line_1_1' title="bbox 362 191 1728 251; baseline 0.005 -17"><span class='ocrx_word' id='word_1_1' title='bbox 362 194 495 248; x_wconf 85' lang='lat' dir='ltr'>giuem</span> <span class='ocrx_word' id='word_1_2' title='bbox 528 207 575 233; x_wconf 84' lang='lat' dir='ltr'>ex</span> <span class='ocrx_word' id='word_1_3' title='bbox 607 193 731 251; x_wconf 83' lang='lat' dir='ltr'>ipsius</span> <span class='ocrx_word' id='word_1_4' title='bbox 762 192 923 249; x_wconf 78' lang='lat' dir='ltr'>Virgilii</span> <span class='ocrx_word' id='word_1_5' title='bbox 955 191 1193 235; x_wconf 79' lang='lat' dir='ltr'>auctoritate</span> <span class='ocrx_word' id='word_1_6' title='bbox 1225 194 1318 237; x_wconf 83' lang='lat' dir='ltr'>AEn.</span> <span class='ocrx_word' id='word_1_7' title='bbox 1351 194 1423 237; x_wconf 87' lang='grc' dir='ltr'>Χῐ.</span> <span class='ocrx_word' id='word_1_8' title='bbox 1457 208 1495 237; x_wconf 89' lang='lat' dir='ltr'>v.</span> <span class='ocrx_word' id='word_1_9' title='bbox 1533 195 1610 248; x_wconf 78' lang='lat'>145</span> <span class='ocrx_word' id='word_1_10' title='bbox 1644 200 1728 241; x_wconf 62' lang='lat' dir='ltr'>cuis</span> 
     </span>
     <span class='ocr_line' id='line_1_2' title="bbox 363 250 1719 310; baseline 0.005 -19"><span class='ocrx_word' id='word_1_11' title='bbox 363 251 457 291; x_wconf 83' lang='lat' dir='ltr'>dam</span> <span class='ocrx_word' id='word_1_12' title='bbox 491 251 670 293; x_wconf 88' lang='lat' dir='ltr'>Troiano</span> <span class='ocrx_word' id='word_1_13' title='bbox 700 250 816 309; x_wconf 80' lang='lat' dir='ltr'>Capy</span> <span class='ocrx_word' id='word_1_14' title='bbox 845 251 1045 294; x_wconf 81' lang='lat' dir='ltr'>attribuit.</span> <span class='ocrx_word' id='word_1_15' title='bbox 1080 256 1135 293; x_wconf 88' lang='lat' dir='ltr'>At</span> <span class='ocrx_word' id='word_1_16' title='bbox 1166 252 1541 310; x_wconf 86' lang='lat' dir='ltr'>quomodocunque</span> <span class='ocrx_word' id='word_1_17' title='bbox 1586 269 1648 295; x_wconf 84' lang='lat' dir='ltr'>res</span> <span class='ocrx_word' id='word_1_18' title='bbox 1677 271 1719 299; x_wconf 82' lang='lat' dir='ltr'>se</span> 
     </span>
     <span class='ocr_line' id='line_1_3' title="bbox 362 308 1723 366; baseline 0.004 -17"><span class='ocrx_word' id='word_1_19' title='bbox 362 308 506 361; x_wconf 85' lang='lat' dir='ltr'>habet,</span> <span class='ocrx_word' id='word_1_20' title='bbox 539 310 602 350; x_wconf 90' lang='lat' dir='ltr'>alii</span> <span class='ocrx_word' id='word_1_21' title='bbox 634 311 875 351; x_wconf 73' lang='lat' dir='ltr'>recentiores</span> <span class='ocrx_word' id='word_1_22' title='bbox 924 312 1111 366; x_wconf 85' lang='lat' dir='ltr'>Capuam</span> <span class='ocrx_word' id='word_1_23' title='bbox 1158 314 1363 353; x_wconf 87' lang='lat' dir='ltr'>Oscorum</span> <span class='ocrx_word' id='word_1_24' title='bbox 1412 311 1552 352; x_wconf 86' lang='lat' dir='ltr'>urbem</span> <span class='ocrx_word' id='word_1_25' title='bbox 1602 313 1723 355; x_wconf 79' lang='lat' dir='ltr'>fuisse</span> 
     </span>
     <span class='ocr_line' id='line_1_4' title="bbox 360 367 1722 425; baseline 0.004 -18"><span class='ocrx_word' id='word_1_26' title='bbox 360 367 559 418; x_wconf 81' lang='lat' dir='ltr'>tradunt,</span> <span class='ocrx_word' id='word_1_27' title='bbox 615 370 685 425; x_wconf 90' lang='lat' dir='ltr'>qui</span> <span class='ocrx_word' id='word_1_28' title='bbox 717 370 914 422; x_wconf 78' lang='lat' dir='ltr'>originem</span> <span class='ocrx_word' id='word_1_29' title='bbox 947 369 997 409; x_wconf 88' lang='lat' dir='ltr'>ab</span> <span class='ocrx_word' id='word_1_30' title='bbox 1028 368 1211 411; x_wconf 81' lang='lat' dir='ltr'>Etruscis</span> <span class='ocrx_word' id='word_1_31' title='bbox 1246 369 1459 410; x_wconf 79' lang='lat' dir='ltr'>trahebant</span> <span class='ocrx_word' id='word_1_32' title='bbox 1480 401 1493 420; x_wconf 88' lang='lat'>,</span> <span class='ocrx_word' id='word_1_33' title='bbox 1544 379 1589 410; x_wconf 87' lang='lat' dir='ltr'>ut</span> <span class='ocrx_word' id='word_1_34' title='bbox 1629 382 1722 413; x_wconf 78' lang='lat' dir='ltr'>ante</span> 
     </span>
     <span class='ocr_line' id='line_1_5' title="bbox 359 424 1719 485; baseline 0.003 -18"><span class='ocrx_word' id='word_1_35' title='bbox 359 424 566 478; x_wconf 81' lang='lat' dir='ltr'>diximus3</span> <span class='ocrx_word' id='word_1_36' title='bbox 599 438 637 466; x_wconf 82' lang='lat' dir='ltr'>et</span> <span class='ocrx_word' id='word_1_37' title='bbox 670 442 730 467; x_wconf 89' lang='lat' dir='ltr'>res</span> <span class='ocrx_word' id='word_1_38' title='bbox 762 426 911 467; x_wconf 82' lang='lat' dir='ltr'>isthaec</span> <span class='ocrx_word' id='word_1_39' title='bbox 943 442 1015 484; x_wconf 86' lang='lat' dir='ltr'>per</span> <span class='ocrx_word' id='word_1_40' title='bbox 1047 442 1087 469; x_wconf 85' lang='lat' dir='ltr'>se</span> <span class='ocrx_word' id='word_1_41' title='bbox 1118 426 1370 485; x_wconf 83' lang='lat' dir='ltr'>probabilior</span> <span class='ocrx_word' id='word_1_42' title='bbox 1416 438 1506 479; x_wconf 82' lang='lat' dir='ltr'>est,</span> <span class='ocrx_word' id='word_1_43' title='bbox 1543 443 1638 469; x_wconf 86' lang='lat' dir='ltr'>cum</span> <span class='ocrx_word' id='word_1_44' title='bbox 1671 444 1719 471; x_wconf 80' lang='lat' dir='ltr'>ex</span> 
     </span>
     <span class='ocr_line' id='line_1_6' title="bbox 359 483 1720 544; baseline 0.003 -21"><span class='ocrx_word' id='word_1_45' title='bbox 359 483 479 524; x_wconf 90' lang='lat' dir='ltr'>Livio</span> <span class='ocrx_word' id='word_1_46' title='bbox 511 495 770 541; x_wconf 80' lang='lat' dir='ltr'>compertum</span> <span class='ocrx_word' id='word_1_47' title='bbox 801 485 852 525; x_wconf 89' lang='lat' dir='ltr'>sit</span> <span class='ocrx_word' id='word_1_48' title='bbox 882 485 951 528; x_wconf 72' lang='lat' dir='ltr'>lib.</span> <span class='ocrx_word' id='word_1_49' title='bbox 983 487 1136 530; x_wconf 91' lang='lat' dir='ltr'>XXlV.</span> <span class='ocrx_word' id='word_1_50' title='bbox 1171 501 1205 529; x_wconf 89' lang='lat' dir='ltr'>c.</span> <span class='ocrx_word' id='word_1_51' title='bbox 1245 500 1307 539; x_wconf 82' lang='lat'>19,</span> <span class='ocrx_word' id='word_1_52' title='bbox 1328 487 1633 529; x_wconf 78' lang='lat' dir='ltr'>Medituxticum</span> <span class='ocrx_word' id='word_1_53' title='bbox 1655 486 1672 544; x_wconf 66' lang='grc' dir='ltr'><em>ζ</em></span> <span class='ocrx_word' id='word_1_54' title='bbox 1681 486 1720 544; x_wconf 90' lang='lat'>1)</span> 
     </span>
     <span class='ocr_line' id='line_1_7' title="bbox 358 539 1718 602; baseline 0.007 -22"><span class='ocrx_word' id='word_1_55' title='bbox 358 539 606 598; x_wconf 81' lang='lat' dir='ltr'>appellatum</span> <span class='ocrx_word' id='word_1_56' title='bbox 655 544 776 585; x_wconf 85' lang='lat' dir='ltr'>fuisse</span> <span class='ocrx_word' id='word_1_57' title='bbox 823 559 1032 586; x_wconf 89' lang='lat' dir='ltr'>summum</span> <span class='ocrx_word' id='word_1_58' title='bbox 1064 547 1374 602; x_wconf 83' lang='lat' dir='ltr'>Campanorum</span> <span class='ocrx_word' id='word_1_59' title='bbox 1426 546 1718 600; x_wconf 83' lang='lat' dir='ltr'>magistratum.</span> 
     </span>
     <span class='ocr_line' id='line_1_8' title="bbox 358 598 1721 659; baseline 0.004 -18"><span class='ocrx_word' id='word_1_60' title='bbox 358 598 589 656; x_wconf 86' lang='lat' dir='ltr'>Campanos</span> <span class='ocrx_word' id='word_1_61' title='bbox 621 601 783 642; x_wconf 88' lang='lat' dir='ltr'>eosdem</span> <span class='ocrx_word' id='word_1_62' title='bbox 830 618 876 644; x_wconf 85' lang='lat' dir='ltr'>ac</span> <span class='ocrx_word' id='word_1_63' title='bbox 907 605 1035 646; x_wconf 87' lang='lat' dir='ltr'>Oscos</span> <span class='ocrx_word' id='word_1_64' title='bbox 1068 604 1189 646; x_wconf 81' lang='lat' dir='ltr'>fuisse</span> <span class='ocrx_word' id='word_1_65' title='bbox 1222 617 1456 659; x_wconf 81' lang='lat' dir='ltr'>persuasum</span> <span class='ocrx_word' id='word_1_66' title='bbox 1489 614 1546 644; x_wconf 85' lang='lat' dir='ltr'>est</span> <span class='ocrx_word' id='word_1_67' title='bbox 1599 603 1721 646; x_wconf 82' lang='lat' dir='ltr'>etiam</span> 
     </span>
     <span class='ocr_line' id='line_1_9' title="bbox 360 658 1000 704; baseline 0.009 -6"><span class='ocrx_word' id='word_1_68' title='bbox 360 659 459 700; x_wconf 81' lang='lat' dir='ltr'>Silio</span> <span class='ocrx_word' id='word_1_69' title='bbox 491 658 563 700; x_wconf 89' lang='lat' dir='ltr'>lib.</span> <span class='ocrx_word' id='word_1_70' title='bbox 593 660 693 702; x_wconf 88' lang='lat' dir='ltr'>XIV</span> <span class='ocrx_word' id='word_1_71' title='bbox 729 675 824 701; x_wconf 90' lang='lat' dir='ltr'>cum</span> <span class='ocrx_word' id='word_1_72' title='bbox 860 661 1000 704; x_wconf 84' lang='lat' dir='ltr'>canit:</span> 
     </span>
    </p>

    <p class='ocr_par' dir='ltr' id='par_1_2' title="bbox 494 720 1376 762">
     <span class='ocr_line' id='line_1_10' title="bbox 494 720 1376 762; baseline 0.003 -5"><span class='ocrx_word' id='word_1_73' title='bbox 494 747 503 757; x_wconf 85' lang='lat'><em>.</em></span> <span class='ocrx_word' id='word_1_74' title='bbox 785 749 795 759; x_wconf 91' lang='lat'><strong>.</strong></span> <span class='ocrx_word' id='word_1_75' title='bbox 836 720 942 761; x_wconf 75' lang='lat' dir='ltr'>Osco</span> <span class='ocrx_word' id='word_1_76' title='bbox 979 721 1246 762; x_wconf 74' lang='lat' dir='ltr'>memorabilis</span> <span class='ocrx_word' id='word_1_77' title='bbox 1274 731 1376 762; x_wconf 75' lang='lat' dir='ltr'>ortu.</span> 
     </span>
    </p>

    <p class='ocr_par' dir='ltr' id='par_1_3' title="bbox 357 775 1737 1699">
     <span class='ocr_line' id='line_1_11' title="bbox 475 775 1722 832; baseline 0.003 -18"><span class='ocrx_word' id='word_1_78' title='bbox 475 776 742 815; x_wconf 81' lang='lat' dir='ltr'>Mamertinos</span> <span class='ocrx_word' id='word_1_79' title='bbox 775 776 949 817; x_wconf 86' lang='lat' dir='ltr'>innuens</span> <span class='ocrx_word' id='word_1_80' title='bbox 980 778 1238 831; x_wconf 81' lang='lat' dir='ltr'>Campanos,</span> <span class='ocrx_word' id='word_1_81' title='bbox 1287 777 1359 832; x_wconf 85' lang='lat' dir='ltr'>qui</span> <span class='ocrx_word' id='word_1_82' title='bbox 1406 775 1514 815; x_wconf 84' lang='lat' dir='ltr'>illam</span> <span class='ocrx_word' id='word_1_83' title='bbox 1561 775 1722 824; x_wconf 74' lang='lat' dir='ltr'>sceleste</span> 
     </span>
     <span class='ocr_line' id='line_1_12' title="bbox 357 831 1726 890; baseline 0.001 -19"><span class='ocrx_word' id='word_1_84' title='bbox 357 834 613 885; x_wconf 83' lang='lat' dir='ltr'>occuparunt</span> <span class='ocrx_word' id='word_1_85' title='bbox 636 862 649 880; x_wconf 86' lang='lat'><em>,</em></span> <span class='ocrx_word' id='word_1_86' title='bbox 687 831 758 885; x_wconf 87' lang='lat' dir='ltr'>qui</span> <span class='ocrx_word' id='word_1_87' title='bbox 792 832 867 872; x_wconf 91' lang='lat' dir='ltr'>sub</span> <span class='ocrx_word' id='word_1_88' title='bbox 899 833 1126 888; x_wconf 85' lang='lat' dir='ltr'>Opicorum</span> <span class='ocrx_word' id='word_1_89' title='bbox 1157 849 1323 890; x_wconf 84' lang='lat' dir='ltr'>quoque</span> <span class='ocrx_word' id='word_1_90' title='bbox 1346 835 1508 874; x_wconf 88' lang='lat' dir='ltr'>nomine</span> <span class='ocrx_word' id='word_1_91' title='bbox 1529 833 1568 872; x_wconf 88' lang='lat' dir='ltr'>in</span> <span class='ocrx_word' id='word_1_92' title='bbox 1601 836 1726 875; x_wconf 84' lang='lat' dir='ltr'>Cam.-</span> 
     </span>
     <span class='ocr_line' id='line_1_13' title="bbox 358 887 1731 945; baseline 0.004 -17"><span class='ocrx_word' id='word_1_93' title='bbox 358 889 476 945; x_wconf 86' lang='lat' dir='ltr'>pania</span> <span class='ocrx_word' id='word_1_94' title='bbox 508 889 607 939; x_wconf 77' lang='lat' dir='ltr'>siti,</span> <span class='ocrx_word' id='word_1_95' title='bbox 643 887 766 928; x_wconf 78' lang='lat' dir='ltr'>iidem</span> <span class='ocrx_word' id='word_1_96' title='bbox 816 904 862 929; x_wconf 84' lang='lat' dir='ltr'>ac</span> <span class='ocrx_word' id='word_1_97' title='bbox 904 891 1000 931; x_wconf 86' lang='lat' dir='ltr'>Osci</span> <span class='ocrx_word' id='word_1_98' title='bbox 1031 890 1156 930; x_wconf 73' lang='lat' dir='ltr'>fuere,</span> <span class='ocrx_word' id='word_1_99' title='bbox 1191 892 1235 931; x_wconf 88' lang='lat' dir='ltr'>ln</span> <span class='ocrx_word' id='word_1_100' title='bbox 1272 891 1446 932; x_wconf 79' lang='lat' dir='ltr'>eandem</span> <span class='ocrx_word' id='word_1_101' title='bbox 1492 893 1731 933; x_wconf 77' lang='lat' dir='ltr'>sententiam</span> 
     </span>
     <span class='ocr_line' id='line_1_14' title="bbox 357 946 1723 1003; baseline 0.004 -17"><span class='ocrx_word' id='word_1_102' title='bbox 357 949 389 987; x_wconf 92' lang='lat' dir='ltr'>it</span> <span class='ocrx_word' id='word_1_103' title='bbox 420 946 641 999; x_wconf 87' lang='lat' dir='ltr'>Cluerius,</span> <span class='ocrx_word' id='word_1_104' title='bbox 690 947 760 1002; x_wconf 87' lang='lat' dir='ltr'>qui</span> <span class='ocrx_word' id='word_1_105' title='bbox 794 947 1047 1003; x_wconf 71' lang='lat' dir='ltr'>Campanos</span> <span class='ocrx_word' id='word_1_106' title='bbox 1099 947 1217 989; x_wconf 86' lang='lat' dir='ltr'>fuisse</span> <span class='ocrx_word' id='word_1_107' title='bbox 1269 949 1396 991; x_wconf 83' lang='lat' dir='ltr'>Oscos</span> <span class='ocrx_word' id='word_1_108' title='bbox 1429 964 1473 989; x_wconf 84' lang='lat' dir='ltr'>ex</span> <span class='ocrx_word' id='word_1_109' title='bbox 1508 951 1723 991; x_wconf 78' lang='lat' dir='ltr'>Samnitica</span> 
     </span>
     <span class='ocr_line' id='line_1_15' title="bbox 357 1003 1726 1063; baseline 0.003 -18"><span class='ocrx_word' id='word_1_110' title='bbox 357 1003 486 1045; x_wconf 84' lang='lat' dir='ltr'>credit</span> <span class='ocrx_word' id='word_1_111' title='bbox 520 1005 698 1059; x_wconf 79' lang='lat' dir='ltr'>origine,</span> <span class='ocrx_word' id='word_1_112' title='bbox 723 1017 725 1019; x_wconf 83' lang='lat'>·</span> <span class='ocrx_word' id='word_1_113' title='bbox 746 1003 807 1044; x_wconf 83' lang='lat' dir='ltr'>de·</span> <span class='ocrx_word' id='word_1_114' title='bbox 841 1006 990 1062; x_wconf 86' lang='lat' dir='ltr'>quibus</span> <span class='ocrx_word' id='word_1_115' title='bbox 1024 1016 1193 1046; x_wconf 78' lang='lat' dir='ltr'>testatur</span> <span class='ocrx_word' id='word_1_116' title='bbox 1225 1008 1366 1048; x_wconf 87' lang='lat' dir='ltr'>Livius</span> <span class='ocrx_word' id='word_1_117' title='bbox 1399 1007 1468 1048; x_wconf 89' lang='lat' dir='ltr'>lib.</span> <span class='ocrx_word' id='word_1_118' title='bbox 1507 1008 1580 1049; x_wconf 78' lang='lat' dir='ltr'>IV.</span> <span class='ocrx_word' id='word_1_119' title='bbox 1631 1023 1663 1049; x_wconf 90' lang='lat' dir='ltr'>c.</span> <span class='ocrx_word' id='word_1_120' title='bbox 1697 1024 1726 1063; x_wconf 84' lang='lat'><strong>9</strong></span> 
     </span>
     <span class='ocr_line' id='line_1_16' title="bbox 358 1061 1733 1121; baseline 0.003 -19"><span class='ocrx_word' id='word_1_121' title='bbox 358 1061 640 1103; x_wconf 81' lang='lat' dir='ltr'>fraudulenter</span> <span class='ocrx_word' id='word_1_122' title='bbox 682 1062 864 1117; x_wconf 78' lang='lat' dir='ltr'>Capuam</span> <span class='ocrx_word' id='word_1_123' title='bbox 916 1063 965 1104; x_wconf 91' lang='lat' dir='ltr'>ab</span> <span class='ocrx_word' id='word_1_124' title='bbox 1013 1064 1194 1105; x_wconf 80' lang='lat' dir='ltr'>Etruscis</span> <span class='ocrx_word' id='word_1_125' title='bbox 1242 1077 1477 1121; x_wconf 75' lang='lat' dir='ltr'>occupatam</span> <span class='ocrx_word' id='word_1_126' title='bbox 1528 1066 1573 1106; x_wconf 89' lang='lat' dir='ltr'>C.</span> <span class='ocrx_word' id='word_1_127' title='bbox 1622 1067 1733 1106; x_wconf 82' lang='lat' dir='ltr'>Sem-</span> 
     </span>
     <span class='ocr_line' id='line_1_17' title="bbox 359 1121 1723 1178; baseline 0.003 -17"><span class='ocrx_word' id='word_1_128' title='bbox 359 1121 533 1176; x_wconf 79' lang='lat' dir='ltr'>proni0‚</span> <span class='ocrx_word' id='word_1_129' title='bbox 567 1130 606 1159; x_wconf 85' lang='lat' dir='ltr'>et</span> <span class='ocrx_word' id='word_1_130' title='bbox 638 1123 690 1174; x_wconf 84' lang='lat' dir='ltr'>Q.</span> <span class='ocrx_word' id='word_1_131' title='bbox 725 1122 850 1162; x_wconf 77' lang='lat' dir='ltr'>Fabio</span> <span class='ocrx_word' id='word_1_132' title='bbox 883 1121 1090 1163; x_wconf 84' lang='lat' dir='ltr'>Vibulano</span> <span class='ocrx_word' id='word_1_133' title='bbox 1123 1122 1234 1164; x_wconf 86' lang='lat' dir='ltr'>Coss.</span> <span class='ocrx_word' id='word_1_134' title='bbox 1281 1123 1391 1178; x_wconf 81' lang='lat' dir='ltr'>quod</span> <span class='ocrx_word' id='word_1_135' title='bbox 1436 1123 1583 1169; x_wconf 84' lang='lat' dir='ltr'>accidit</span> <span class='ocrx_word' id='word_1_136' title='bbox 1613 1137 1723 1165; x_wconf 82' lang='lat' dir='ltr'>anno</span> 
     </span>
     <span class='ocr_line' id='line_1_18' title="bbox 357 1177 1727 1222; baseline 0.002 -4"><span class='ocrx_word' id='word_1_137' title='bbox 357 1179 412 1221; x_wconf 85' lang='lat' dir='ltr'>V.</span> <span class='ocrx_word' id='word_1_138' title='bbox 446 1179 493 1219; x_wconf 92' lang='lat' dir='ltr'>C.</span> <span class='ocrx_word' id='word_1_139' title='bbox 529 1177 769 1221; x_wconf 83' lang='lat' dir='ltr'>CCCXXX.</span> <span class='ocrx_word' id='word_1_140' title='bbox 802 1181 910 1220; x_wconf 90' lang='lat' dir='ltr'>Hinc</span> <span class='ocrx_word' id='word_1_141' title='bbox 940 1181 995 1220; x_wconf 88' lang='lat' dir='ltr'>ait</span> <span class='ocrx_word' id='word_1_142' title='bbox 1043 1179 1227 1221; x_wconf 76' lang='lat' dir='ltr'>laudatus</span> <span class='ocrx_word' id='word_1_143' title='bbox 1275 1182 1463 1222; x_wconf 84' lang='lat' dir='ltr'>Cluerius</span> <span class='ocrx_word' id='word_1_144' title='bbox 1510 1182 1592 1222; x_wconf 79' lang='lat' dir='ltr'>ltal.</span> <span class='ocrx_word' id='word_1_145' title='bbox 1629 1182 1727 1222; x_wconf 58' lang='lat' dir='ltr'>Aut,</span> 
     </span>
     <span class='ocr_line' id='line_1_19' title="bbox 358 1236 1734 1294; baseline 0.002 -17"><span class='ocrx_word' id='word_1_146' title='bbox 358 1236 428 1277; x_wconf 86' lang='lat' dir='ltr'>lib.</span> <span class='ocrx_word' id='word_1_147' title='bbox 461 1236 534 1278; x_wconf 79' lang='lat' dir='ltr'>Ill.</span> <span class='ocrx_word' id='word_1_148' title='bbox 571 1250 604 1279; x_wconf 91' lang='lat' dir='ltr'>c.</span> <span class='ocrx_word' id='word_1_149' title='bbox 634 1253 662 1293; x_wconf 85' lang='lat'><strong>9</strong></span> <span class='ocrx_word' id='word_1_150' title='bbox 696 1241 888 1294; x_wconf 79' lang='lat' dir='ltr'>Campani</span> <span class='ocrx_word' id='word_1_151' title='bbox 919 1240 971 1279; x_wconf 76' lang='lat' dir='ltr'>ab</span> <span class='ocrx_word' id='word_1_152' title='bbox 1012 1238 1256 1281; x_wconf 78' lang='lat' dir='ltr'>Samnitibus</span> <span class='ocrx_word' id='word_1_153' title='bbox 1289 1245 1364 1281; x_wconf 81' lang='lat' dir='ltr'>orti</span> <span class='ocrx_word' id='word_1_154' title='bbox 1404 1241 1500 1281; x_wconf 72' lang='lat' dir='ltr'>illud</span> <span class='ocrx_word' id='word_1_155' title='bbox 1553 1241 1734 1280; x_wconf 71' lang='lat' dir='ltr'>habuere</span> 
     </span>
     <span class='ocr_line' id='line_1_20' title="bbox 360 1296 1734 1353; baseline 0 -16"><span class='ocrx_word' id='word_1_156' title='bbox 360 1297 589 1337; x_wconf 64' lang='lat' dir='ltr'>vocabulum</span> <span class='ocrx_word' id='word_1_157' title='bbox 643 1296 957 1349; x_wconf 70' lang='lat' dir='ltr'>flffedituxticus‚</span> <span class='ocrx_word' id='word_1_158' title='bbox 992 1298 1235 1338; x_wconf 83' lang='lat' dir='ltr'>Samnitium</span> <span class='ocrx_word' id='word_1_159' title='bbox 1283 1313 1379 1338; x_wconf 86' lang='lat' dir='ltr'>vero</span> <span class='ocrx_word' id='word_1_160' title='bbox 1423 1299 1601 1353; x_wconf 87' lang='lat' dir='ltr'>linguam</span> <span class='ocrx_word' id='word_1_161' title='bbox 1640 1312 1734 1341; x_wconf 78' lang='lat' dir='ltr'>ean-</span> 
     </span>
     <span class='ocr_line' id='line_1_21' title="bbox 360 1354 1735 1412; baseline 0.001 -18"><span class='ocrx_word' id='word_1_162' title='bbox 360 1354 453 1395; x_wconf 89' lang='lat' dir='ltr'>dem</span> <span class='ocrx_word' id='word_1_163' title='bbox 486 1369 531 1394; x_wconf 81' lang='lat' dir='ltr'>ac</span> <span class='ocrx_word' id='word_1_164' title='bbox 564 1356 712 1396; x_wconf 87' lang='lat' dir='ltr'>Oscam</span> <span class='ocrx_word' id='word_1_165' title='bbox 747 1355 869 1396; x_wconf 88' lang='lat' dir='ltr'>fuisse</span> <span class='ocrx_word' id='word_1_166' title='bbox 900 1355 1038 1412; x_wconf 84' lang='lat' dir='ltr'>prodit</span> <span class='ocrx_word' id='word_1_167' title='bbox 1075 1355 1215 1397; x_wconf 87' lang='lat' dir='ltr'>Livius</span> <span class='ocrx_word' id='word_1_168' title='bbox 1244 1356 1312 1397; x_wconf 82' lang='lat' dir='ltr'>lib.</span> <span class='ocrx_word' id='word_1_169' title='bbox 1347 1359 1398 1399; x_wconf 90' lang='lat' dir='ltr'>X.</span> <span class='ocrx_word' id='word_1_170' title='bbox 1431 1371 1464 1398; x_wconf 84' lang='lat' dir='ltr'>c.</span> <span class='ocrx_word' id='word_1_171' title='bbox 1501 1370 1567 1398; x_wconf 84' lang='lat'>20.</span> <span class='ocrx_word' id='word_1_172' title='bbox 1625 1357 1735 1397; x_wconf 87' lang='lat' dir='ltr'>Cum</span> 
     </span>
     <span class='ocr_line' id='line_1_22' title="bbox 360 1413 1736 1456; baseline 0 -3"><span class='ocrx_word' id='word_1_173' title='bbox 360 1413 469 1453; x_wconf 87' lang='lat' dir='ltr'>enim</span> <span class='ocrx_word' id='word_1_174' title='bbox 518 1424 714 1454; x_wconf 86' lang='lat' dir='ltr'>narrasset</span> <span class='ocrx_word' id='word_1_175' title='bbox 759 1414 998 1455; x_wconf 79' lang='lat' dir='ltr'>Romanum</span> <span class='ocrx_word' id='word_1_176' title='bbox 1046 1415 1270 1455; x_wconf 87' lang='lat' dir='ltr'>Consulem</span> <span class='ocrx_word' id='word_1_177' title='bbox 1304 1418 1349 1456; x_wconf 93' lang='lat' dir='ltr'>L.</span> <span class='ocrx_word' id='word_1_178' title='bbox 1385 1415 1657 1455; x_wconf 88' lang='lat' dir='ltr'>Volumnium</span> <span class='ocrx_word' id='word_1_179' title='bbox 1691 1428 1736 1453; x_wconf 76' lang='lat' dir='ltr'>ex</span> 
     </span>
     <span class='ocr_line' id='line_1_23' title="bbox 367 1470 1731 1528; baseline 0 -17"><span class='ocrx_word' id='word_1_180' title='bbox 367 1470 558 1511; x_wconf 86' lang='lat' dir='ltr'>condicto</span> <span class='ocrx_word' id='word_1_181' title='bbox 589 1471 792 1526; x_wconf 86' lang='lat' dir='ltr'>quosdam</span> <span class='ocrx_word' id='word_1_182' title='bbox 826 1473 1098 1528; x_wconf 80' lang='lat' dir='ltr'>exploratores</span> <span class='ocrx_word' id='word_1_183' title='bbox 1131 1472 1236 1512; x_wconf 83' lang='lat' dir='ltr'>illius</span> <span class='ocrx_word' id='word_1_184' title='bbox 1284 1473 1443 1526; x_wconf 78' lang='lat' dir='ltr'>liuguae</span> <span class='ocrx_word' id='word_1_185' title='bbox 1495 1473 1647 1528; x_wconf 83' lang='lat' dir='ltr'>peritos</span> <span class='ocrx_word' id='word_1_186' title='bbox 1678 1471 1731 1511; x_wconf 87' lang='lat' dir='ltr'>ad</span> 
     </span>
     <span class='ocr_line' id='line_1_24' title="bbox 368 1530 1737 1586; baseline 0.001 -17"><span class='ocrx_word' id='word_1_187' title='bbox 368 1530 588 1569; x_wconf 76' lang='lat' dir='ltr'>exercitum</span> <span class='ocrx_word' id='word_1_188' title='bbox 642 1530 793 1571; x_wconf 87' lang='lat' dir='ltr'>misisse</span> <span class='ocrx_word' id='word_1_189' title='bbox 839 1531 1135 1581; x_wconf 83' lang='lat' dir='ltr'>Samniticum,</span> <span class='ocrx_word' id='word_1_190' title='bbox 1188 1530 1259 1586; x_wconf 85' lang='lat' dir='ltr'>qui</span> <span class='ocrx_word' id='word_1_191' title='bbox 1292 1530 1511 1572; x_wconf 82' lang='lat' dir='ltr'>Falernum</span> <span class='ocrx_word' id='word_1_192' title='bbox 1545 1544 1737 1584; x_wconf 85' lang='lat' dir='ltr'>campum</span> 
     </span>
     <span class='ocr_line' id='line_1_25' title="bbox 364 1585 1733 1644; baseline 0.001 -17"><span class='ocrx_word' id='word_1_193' title='bbox 364 1585 583 1642; x_wconf 80' lang='lat' dir='ltr'>populatus</span> <span class='ocrx_word' id='word_1_194' title='bbox 616 1597 726 1639; x_wconf 79' lang='lat' dir='ltr'>erat,</span> <span class='ocrx_word' id='word_1_195' title='bbox 759 1588 815 1628; x_wconf 82' lang='lat' dir='ltr'>ait</span> <span class='ocrx_word' id='word_1_196' title='bbox 844 1587 1043 1643; x_wconf 82' lang='lat' dir='ltr'>quosdam</span> <span class='ocrx_word' id='word_1_197' title='bbox 1076 1604 1222 1643; x_wconf 79' lang='lat' dir='ltr'>gnaros</span> <span class='ocrx_word' id='word_1_198' title='bbox 1263 1589 1395 1630; x_wconf 77' lang='lat' dir='ltr'>Oscae</span> <span class='ocrx_word' id='word_1_199' title='bbox 1419 1591 1577 1644; x_wconf 75' lang='lat' dir='ltr'>linguae</span> <span class='ocrx_word' id='word_1_200' title='bbox 1597 1590 1733 1644; x_wconf 73' lang='lat' dir='ltr'>explo-</span> 
     </span>
     <span class='ocr_line' id='line_1_26' title="bbox 365 1644 1002 1699; baseline 0.003 -14"><span class='ocrx_word' id='word_1_201' title='bbox 365 1653 498 1687; x_wconf 80' lang='lat' dir='ltr'>ratum</span> <span class='ocrx_word' id='word_1_202' title='bbox 527 1644 622 1699; x_wconf 78' lang='lat' dir='ltr'>quid</span> <span class='ocrx_word' id='word_1_203' title='bbox 646 1655 813 1699; x_wconf 68' lang='lat' dir='ltr'>agatur,</span> <span class='ocrx_word' id='word_1_204' title='bbox 844 1647 1002 1687; x_wconf 76' lang='lat' dir='ltr'>misisse.</span> 
     </span>
    </p>

    <p class='ocr_par' dir='ltr' id='par_1_4' title="bbox 364 1702 1732 2049">
     <span class='ocr_line' id='line_1_27' title="bbox 482 1702 1723 1759; baseline 0 -16"><span class='ocrx_word' id='word_1_205' title='bbox 482 1702 697 1759; x_wconf 85' lang='lat' dir='ltr'>Capuam,</span> <span class='ocrx_word' id='word_1_206' title='bbox 749 1714 788 1744; x_wconf 87' lang='lat' dir='ltr'>et</span> <span class='ocrx_word' id='word_1_207' title='bbox 831 1706 1081 1758; x_wconf 82' lang='lat' dir='ltr'>Campanam</span> <span class='ocrx_word' id='word_1_208' title='bbox 1131 1705 1331 1759; x_wconf 77' lang='lat' dir='ltr'>regionem</span> <span class='ocrx_word' id='word_1_209' title='bbox 1367 1706 1404 1744; x_wconf 93' lang='lat' dir='ltr'>in</span> <span class='ocrx_word' id='word_1_210' title='bbox 1453 1704 1723 1745; x_wconf 70' lang='lat' dir='ltr'>Etruscorum</span> 
     </span>
     <span class='ocr_line' id='line_1_28' title="bbox 364 1761 1727 1817; baseline 0.001 -17"><span class='ocrx_word' id='word_1_211' title='bbox 364 1769 603 1816; x_wconf 81' lang='lat' dir='ltr'>potestatem</span> <span class='ocrx_word' id='word_1_212' title='bbox 635 1761 835 1802; x_wconf 77' lang='lat' dir='ltr'>redactam</span> <span class='ocrx_word' id='word_1_213' title='bbox 856 1793 866 1814; x_wconf 88' lang='lat'>,</span> <span class='ocrx_word' id='word_1_214' title='bbox 897 1764 1074 1814; x_wconf 71' lang='lat' dir='ltr'>linguam</span> <span class='ocrx_word' id='word_1_215' title='bbox 1097 1795 1110 1812; x_wconf 87' lang='lat'><strong>,</strong></span> <span class='ocrx_word' id='word_1_216' title='bbox 1141 1763 1387 1817; x_wconf 82' lang='lat' dir='ltr'>illorumque</span> <span class='ocrx_word' id='word_1_217' title='bbox 1410 1777 1540 1802; x_wconf 88' lang='lat' dir='ltr'>mores</span> <span class='ocrx_word' id='word_1_218' title='bbox 1562 1778 1727 1803; x_wconf 81' lang='lat' dir='ltr'>conser-</span> 
     </span>
     <span class='ocr_line' id='line_1_29' title="bbox 365 1818 1729 1870; baseline 0 -12"><span class='ocrx_word' id='word_1_219' title='bbox 365 1833 476 1859; x_wconf 84' lang='lat' dir='ltr'>vasse</span> <span class='ocrx_word' id='word_1_220' title='bbox 508 1818 613 1858; x_wconf 88' lang='lat' dir='ltr'>fama</span> <span class='ocrx_word' id='word_1_221' title='bbox 647 1829 703 1859; x_wconf 87' lang='lat' dir='ltr'>est</span> <span class='ocrx_word' id='word_1_222' title='bbox 745 1821 899 1870; x_wconf 77' lang='lat' dir='ltr'>etiam,</span> <span class='ocrx_word' id='word_1_223' title='bbox 931 1835 1024 1859; x_wconf 88' lang='lat' dir='ltr'>cum</span> <span class='ocrx_word' id='word_1_224' title='bbox 1073 1821 1113 1861; x_wconf 85' lang='lat' dir='ltr'>in</span> <span class='ocrx_word' id='word_1_225' title='bbox 1165 1822 1448 1860; x_wconf 84' lang='lat' dir='ltr'>Romanorum</span> <span class='ocrx_word' id='word_1_226' title='bbox 1495 1821 1729 1861; x_wconf 83' lang='lat' dir='ltr'>inciderunt</span> 
     </span>
     <span class='ocr_line' id='line_1_30' title="bbox 366 1876 1726 1932; baseline -0.001 -17"><span class='ocrx_word' id='word_1_227' title='bbox 366 1891 542 1927; x_wconf 80' lang='lat' dir='ltr'>manus,</span> <span class='ocrx_word' id='word_1_228' title='bbox 580 1892 678 1917; x_wconf 87' lang='lat' dir='ltr'>cum</span> <span class='ocrx_word' id='word_1_229' title='bbox 711 1877 845 1918; x_wconf 78' lang='lat' dir='ltr'>adhuc</span> <span class='ocrx_word' id='word_1_230' title='bbox 866 1908 879 1927; x_wconf 86' lang='lat'><strong>‚</strong></span> <span class='ocrx_word' id='word_1_231' title='bbox 909 1887 964 1917; x_wconf 42' lang='lat' dir='ltr'>⁴et</span> <span class='ocrx_word' id='word_1_232' title='bbox 1009 1877 1186 1918; x_wconf 88' lang='lat' dir='ltr'>multum</span> <span class='ocrx_word' id='word_1_233' title='bbox 1219 1889 1309 1931; x_wconf 86' lang='lat' dir='ltr'>post</span> <span class='ocrx_word' id='word_1_234' title='bbox 1359 1888 1517 1932; x_wconf 83' lang='lat' dir='ltr'>tempus</span> <span class='ocrx_word' id='word_1_235' title='bbox 1565 1888 1603 1918; x_wconf 89' lang='lat' dir='ltr'>et</span> <span class='ocrx_word' id='word_1_236' title='bbox 1636 1876 1726 1917; x_wconf 87' lang='lat' dir='ltr'>ludi</span> 
     </span>
     <span class='ocr_line' id='line_1_31' title="bbox 368 1932 1732 1990; baseline -0.001 -17"><span class='ocrx_word' id='word_1_237' title='bbox 368 1932 478 1984; x_wconf 85' lang='lat' dir='ltr'>Osci,</span> <span class='ocrx_word' id='word_1_238' title='bbox 512 1934 991 1990; x_wconf 33' lang='lat' dir='ltr'>Atellanaequessfabulae</span> <span class='ocrx_word' id='word_1_239' title='bbox 1022 1935 1062 1973; x_wconf 88' lang='lat' dir='ltr'>in</span> <span class='ocrx_word' id='word_1_240' title='bbox 1097 1949 1210 1974; x_wconf 82' lang='lat' dir='ltr'>more</span> <span class='ocrx_word' id='word_1_241' title='bbox 1243 1932 1401 1973; x_wconf 83' lang='lat' dir='ltr'>fuerint·</span> <span class='ocrx_word' id='word_1_242' title='bbox 1426 1934 1596 1990; x_wconf 80' lang='lat' dir='ltr'>positae‚&#39;</span> <span class='ocrx_word' id='word_1_243' title='bbox 1628 1945 1732 1989; x_wconf 79' lang='lat' dir='ltr'>post-</span> 
     </span>
     <span class='ocr_line' id='line_1_32' title="bbox 368 1991 1407 2049; baseline 0.002 -18"><span class='ocrx_word' id='word_1_244' title='bbox 368 2006 493 2046; x_wconf 86' lang='lat' dir='ltr'>quam</span> <span class='ocrx_word' id='word_1_245' title='bbox 523 2007 617 2046; x_wconf 79' lang='lat' dir='ltr'>gens</span> <span class='ocrx_word' id='word_1_246' title='bbox 643 1993 708 2033; x_wconf 84' lang='lat' dir='ltr'>illa</span> <span class='ocrx_word' id='word_1_247' title='bbox 741 1993 900 2049; x_wconf 88' lang='lat' dir='ltr'>penitus</span> <span class='ocrx_word' id='word_1_248' title='bbox 933 1992 1014 2032; x_wconf 86' lang='lat' dir='ltr'>fato</span> <span class='ocrx_word' id='word_1_249' title='bbox 1048 1991 1180 2032; x_wconf 81' lang='lat' dir='ltr'>fuerat</span> <span class='ocrx_word' id='word_1_250' title='bbox 1215 1992 1407 2034; x_wconf 52' lang='lat' dir='ltr'>extincta&amp;</span> 
     </span>
    </p>
   </div>
   <div class='ocr_carea' id='block_1_2' title="bbox 1675 2103 1742 2112">
    <p class='ocr_par' dir='ltr' id='par_1_5' title="bbox 1675 2103 1742 2112">
     <span class='ocr_line' id='line_1_33' title="bbox 1675 2103 1742 2112; baseline 0.015 -1"><span class='ocrx_word' id='word_1_251' title='bbox 1675 2103 1742 2112; x_wconf 80' lang='grc' dir='ltr'>..ι-</span> 
     </span>
    </p>
   </div>
   <div class='ocr_carea' id='block_1_3' title="bbox 366 2144 1727 2346">
    <p class='ocr_par' dir='ltr' id='par_1_6' title="bbox 366 2144 1727 2346">
     <span class='ocr_line' id='line_1_34' title="bbox 469 2144 1724 2194; baseline 0.002 -14"><span class='ocrx_word' id='word_1_252' title='bbox 469 2145 528 2193; x_wconf 80' lang='lat'>(1)</span> <span class='ocrx_word' id='word_1_253' title='bbox 555 2145 806 2182; x_wconf 74' lang='lat' dir='ltr'>Mediuixticus</span> <span class='ocrx_word' id='word_1_254' title='bbox 850 2144 920 2180; x_wconf 81' lang='lat' dir='ltr'>suit</span> <span class='ocrx_word' id='word_1_255' title='bbox 947 2144 1061 2179; x_wconf 82' lang='lat' dir='ltr'>Oscae</span> <span class='ocrx_word' id='word_1_256' title='bbox 1096 2145 1213 2193; x_wconf 78' lang='lat' dir='ltr'>gentis</span> <span class='ocrx_word' id='word_1_257' title='bbox 1254 2155 1418 2180; x_wconf 83' lang='lat' dir='ltr'>summus</span> <span class='ocrx_word' id='word_1_258' title='bbox 1459 2148 1686 2194; x_wconf 81' lang='lat' dir='ltr'>magistratus</span> <span class='ocrx_word' id='word_1_259' title='bbox 1714 2176 1724 2192; x_wconf 83' lang='lat'>‚</span> 
     </span>
     <span class='ocr_line' id='line_1_35' title="bbox 366 2193 1721 2246; baseline 0.001 -15"><span class='ocrx_word' id='word_1_260' title='bbox 366 2196 429 2246; x_wconf 75' lang='lat' dir='ltr'>qui</span> <span class='ocrx_word' id='word_1_261' title='bbox 457 2209 475 2230; x_wconf 86' lang='lat' dir='ltr'>a</span> <span class='ocrx_word' id='word_1_262' title='bbox 504 2194 700 2243; x_wconf 81' lang='lat' dir='ltr'>Tyrrhenis</span> <span class='ocrx_word' id='word_1_263' title='bbox 727 2195 796 2232; x_wconf 85' lang='lat' dir='ltr'>fuit</span> <span class='ocrx_word' id='word_1_264' title='bbox 821 2193 938 2230; x_wconf 82' lang='lat' dir='ltr'>dictus</span> <span class='ocrx_word' id='word_1_265' title='bbox 965 2195 1126 2238; x_wconf 70' lang='lat' dir='ltr'>Merv-iss,</span> <span class='ocrx_word' id='word_1_266' title='bbox 1155 2201 1189 2230; x_wconf 84' lang='lat' dir='ltr'>et</span> <span class='ocrx_word' id='word_1_267' title='bbox 1217 2194 1373 2230; x_wconf 71' lang='lat' dir='ltr'>Tubtilcs.</span> <span class='ocrx_word' id='word_1_268' title='bbox 1401 2196 1447 2230; x_wconf 80' lang='lat' dir='ltr'>At</span> <span class='ocrx_word' id='word_1_269' title='bbox 1484 2196 1626 2242; x_wconf 78' lang='lat' dir='ltr'>Ignari·a</span> <span class='ocrx_word' id='word_1_270' title='bbox 1657 2198 1721 2232; x_wconf 84' lang='lat' dir='ltr'>Pa·</span> 
     </span>
     <span class='ocr_line' id='line_1_36' title="bbox 366 2242 1727 2294; baseline 0 -13"><span class='ocrx_word' id='word_1_271' title='bbox 366 2246 492 2281; x_wconf 82' lang='lat' dir='ltr'>laestra</span> <span class='ocrx_word' id='word_1_272' title='bbox 519 2245 633 2293; x_wconf 83' lang='lat' dir='ltr'>Neap.</span> <span class='ocrx_word' id='word_1_273' title='bbox 662 2258 745 2294; x_wconf 76' lang='lat' dir='ltr'>pag.</span> <span class='ocrx_word' id='word_1_274' title='bbox 773 2244 844 2288; x_wconf 69' lang='lat'>264</span> <span class='ocrx_word' id='word_1_275' title='bbox 866 2257 909 2280; x_wconf 84' lang='lat' dir='ltr'>ex</span> <span class='ocrx_word' id='word_1_276' title='bbox 925 2242 1044 2280; x_wconf 74' lang='lat' dir='ltr'>tabula</span> <span class='ocrx_word' id='word_1_277' title='bbox 1063 2257 1257 2280; x_wconf 80' lang='lat' dir='ltr'>marmorea</span> <span class='ocrx_word' id='word_1_278' title='bbox 1277 2245 1487 2280; x_wconf 82' lang='lat' dir='ltr'>Herculanci</span> <span class='ocrx_word' id='word_1_279' title='bbox 1506 2245 1656 2290; x_wconf 64' lang='lat' dir='ltr'>detecta,</span> <span class='ocrx_word' id='word_1_280' title='bbox 1679 2261 1727 2281; x_wconf 69' lang='lat' dir='ltr'>asr</span> 
     </span>
     <span class='ocr_line' id='line_1_37' title="bbox 368 2293 1725 2346; baseline -0.001 -14"><span class='ocrx_word' id='word_1_281' title='bbox 368 2295 452 2332; x_wconf 75' lang='lat' dir='ltr'>serit</span> <span class='ocrx_word' id='word_1_282' title='bbox 467 2293 536 2331; x_wconf 59' lang='lat' dir='ltr'><strong>ho‘c</strong></span> <span class='ocrx_word' id='word_1_283' title='bbox 553 2307 684 2331; x_wconf 84' lang='lat' dir='ltr'>nomen</span> <span class='ocrx_word' id='word_1_284' title='bbox 700 2294 987 2334; x_wconf 73' lang='lat' dir='ltr'>Medituxticum</span> <span class='ocrx_word' id='word_1_285' title='bbox 1006 2295 1179 2346; x_wconf 80' lang='lat' dir='ltr'>scriptum</span> <span class='ocrx_word' id='word_1_286' title='bbox 1195 2307 1268 2332; x_wconf 81' lang='lat' dir='ltr'>esse</span> <span class='ocrx_word' id='word_1_287' title='bbox 1282 2294 1725 2334; x_wconf 72' lang='lat' dir='ltr'>MERRISSTUBTIRS.</span> 
     </span>
    </p>
   </div>
   <div class='ocr_carea' id='block_1_4' title="bbox 1902 66 1914 2191">
    <p class='ocr_par' dir='ltr' id='par_1_7' title="bbox 1902 66 1914 2191">
     <span class='ocr_line' id='line_1_38' title="bbox 1902 66 1914 2191; baseline 0 0"><span class='ocrx_word' id='word_1_288' title='bbox 1902 66 1914 2191; x_wconf 95' lang='lat' dir='ltr'> </span> 
     </span>
    </p>
   </div>
  </div>
 </body>
</html>
