1920 2579
1493 104 1542 147 15

260 169 402 216 QUAE
429 195 439 205 .
466 166 668 205 GARSJAS
703 193 711 202 .
741 163 904 201 FILIUS
938 192 945 201 .
976 162 1138 200 PARTA
1169 192 1177 201 .
1207 162 1445 199 VICTORIA

511 216 753 254 AFfflCANA
785 242 792 249 .
818 214 1219 251 REPORTAVERAT

231 271 348 306 octo
377 299 386 308 .
413 269 674 314 GENJOQUE
704 294 714 303 .
740 264 947 304 DICAVIT
978 295 985 301 .
1017 265 1081 301 Ao
1111 292 1120 303 .
1149 264 1495 310 ANTIQUORUM

240 340 241 343 =
691 316 1030 354 RESTAURATO

259 369 604 415 PURGATOQUE
633 396 640 404 .
671 366 845 403 DL‘CTU
875 394 884 403 .
912 364 1073 411 AQUAS
1105 392 1113 400 .
1142 364 1463 402 SITIENTIBUS

551 418 742 456 CWJBUS
772 444 781 453 .
811 416 909 453 SUA
937 443 948 451 .
979 415 1188 452 IMPENSA

218 470 488 508 RESTITUIT
521 498 530 509 .
558 470 693 506 ANNO
722 495 731 504 .
758 469 790 505 A
817 496 826 504 .
853 467 1018 504 PARTU
1049 493 1057 502 .
1085 465 1301 502 VIRGINIS
1334 493 1342 502 .
1372 467 1513 514 MDXL

178 603 274 642 Post
308 607 368 637 tot
400 611 527 638 annos
558 612 601 637 ea
635 595 729 637 villa
754 627 768 647 ‚
810 604 931 652 atque
963 592 1072 635 horti
1093 592 1206 633 fuere
1228 589 1424 633 derelicti:
1449 608 1560 634 nunc

176 658 226 699 ad
261 655 480 697 hodiernae
514 654 625 697 urbis
657 654 940 696 defensionem
967 683 978 704 ‚
1008 662 1047 693 et
1086 649 1333 707 praesidium
1385 652 1424 692 in
1481 652 1556 692 hac

155 716 369 757 Toletana
400 714 499 755 aede
531 715 726 755 semiruta
748 745 760 763 ‚
795 722 834 753 et
859 712 905 752 in
931 726 1066 753 arcem
1087 709 1251 751 redacta
1273 708 1419 750 milites
1439 725 1555 751 com-

180 784 408 815 morantur.
466 773 511 813 In
542 772 652 813 hisce
685 772 814 812 hortis
855 780 1011 825 reperta
1048 769 1127 809 fuit
1157 783 1266 810 auno
1311 765 1556 813 MDCCIV.

187 842 319 874 statua
367 831 588 873 consularis
622 834 674 886 Q.
711 828 837 871 Flavii
876 827 1016 869 Maesii
1051 826 1212 881 Egnatii
1252 825 1430 869 Lolliani
1467 826 1555 867 Ma-

185 892 305 932 vortii
327 922 339 940 ,
370 906 474 945 quae
503 904 614 929 nunc
650 888 830 942 adsurgit
860 889 899 927 in
927 887 1017 927 foro
1049 885 1292 926 Puteolano.

292 951 455 988 Praeter
488 947 690 1002 Serapidis
722 945 943 1000 Templum
976 944 1098 984 fuisse
1128 943 1204 983 alia
1223 943 1309 984 aliis
1332 943 1407 984 diis
1426 953 1687 992 ereeta2Neptuni
1706 957 1772 980 tetu-

176 1016 434 1061 compertum
468 1003 676 1044 habemus.
710 1005 965 1044 memoratur
999 999 1101 1042 illud
1133 1002 1332 1056 Neptuni,
1358 1002 1472 1049 cuius
1493 1017 1560 1043 ru·
1578 992 1660 1026 ⁹¹³⁰*

175 1066 270 1106 dora
306 1073 523 1119 supersunt
555 1061 691 1103 adhuc
723 1062 764 1102 in
796 1060 890 1101 loco
915 1092 927 1113 ‚
964 1060 1036 1117 qui
1070 1058 1221 1100 dicitur
1253 1060 1297 1100 Za
1315 1056 1472 1100 Starza
1492 1074 1562 1100 su-

177 1139 250 1181 pra
283 1137 424 1173 mare,
466 1131 505 1161 et
551 1135 680 1178 prope
727 1134 869 1161 arcum
918 1117 1212 1176 toiumphalem
1258 1117 1461 1159 Antonini
1507 1118 1568 1160 Pii

181 1181 289 1224 hffud
326 1179 468 1237 procul
499 1196 521 1221 a
554 1180 616 1221 via
652 1179 904 1221 Domitiana.
935 1177 1117 1219 Huiusce
1168 1175 1333 1233 Templi
1381 1176 1573 1218 meminit

177 1242 342 1284 Tullius
373 1242 539 1294 Quaest.
575 1238 772 1280 Academ.
823 1238 893 1280 lib.
946 1236 1019 1278 IV.
1049 1251 1084 1277 c.
1125 1236 1180 1278 25
1214 1236 1276 1276 his
1326 1234 1490 1278 verbis:
1533 1237 1574 1280 O

177 1301 460 1357 praeclarum
487 1301 805 1354 prospectum!
844 1295 1051 1338 Puteolos
1079 1294 1284 1336 videmus·
1303 1326 1315 1344 ,
1349 1304 1390 1336 et
1430 1294 1573 1346 fami-

179 1361 336 1400 liarem
363 1366 557 1398 nostrum
597 1356 822 1399 Aviemmz
844 1387 854 1408 ,
877 1358 1078 1411 fortasse
1099 1353 1161 1395 'in
1186 1358 1367 1410 portica
1402 1353 1574 1409 Neptu-

181 1419 227 1457 ni
255 1417 547 1456 ambulantem
582 1430 671 1454 non
700 1415 912 1455 videmus.
929 1415 1054 1454 Extat
1077 1412 1179 1466 lapis
1211 1412 1322 1468 apud
1346 1412 1576 1468 Capacium

186 1473 291 1515 Hist.
325 1475 452 1528 Neap.
485 1472 554 1513 lib.
587 1472 639 1511 lt.
677 1487 710 1515 e.
753 1486 764 1514 1
805 1481 990 1527 repertus
1023 1471 1065 1510 in
1100 1469 1222 1510 huius
1265 1469 1404 1526 templi
1431 1472 1576 1514 ruinis.

185 1531 377 1581 Niceolas,
408 1529 572 1571 Anfich.
605 1528 646 1570 di
680 1529 841 1585 Napoli‚
866 1544 953 1585 pag.
993 1531 1071 1570 118
1103 1543 1150 1568 ex
1170 1527 1416 1584 quibusdam
1442 1528 1580 1584 plum-

184 1590 270 1631 beis
303 1588 401 1629 olim
436 1590 604 1644 repertis
639 1587 746 1629 tubis
776 1586 828 1628 ad
869 1603 994 1644 aquas
1028 1587 1285 1641 excipiendas
1317 1585 1461 1628 balnea
1481 1587 1580 1629 fuis-

184 1664 224 1690 se
257 1648 344 1689 heic
375 1657 574 1689 autumat.
608 1649 770 1689 Verum
802 1645 844 1686 id
879 1657 1018 1688 contra
1052 1645 1259 1700 vulgarem
1293 1646 1570 1702 opinionem,

186 1718 228 1750 et
265 1706 493 1759 accolarum
535 1716 733 1747 vetustam
771 1704 1033 1748 traditionem
1059 1736 1070 1757 ,
1103 1713 1143 1745 et
1176 1705 1428 1762 scriptorum
1478 1720 1577 1748 om-

185 1766 300 1808 nium
335 1760 723 1808 auctoritatem³'est.
759 1766 849 1806 Hoc
896 1765 1097 1820 templum
1145 1763 1268 1818 igitur
1318 1763 1398 1804 fuit
1446 1779 1579 1820 prope

189 1840 303 1865 mare
336 1839 458 1880 supra
492 1833 659 1879 portum
685 1824 975 1864 Puteolanum.
1008 1825 1136 1863 Nunc
1169 1823 1536 1863 intercolumnium
1558 1854 1575 1874 ,

188 1895 227 1925 et
262 1883 405 1924 rudera
443 1899 464 1926 a
496 1881 597 1922 mari
632 1881 793 1939 penitus
827 1881 1137 1938 cooperiuntur.
1173 1880 1288 1922 Olim
1322 1897 1444 1937 supra
1480 1882 1577 1923 litus

190 1953 275 1983 erat
307 1940 580 1982 aedificatum.

306 2000 430 2042 Haud
464 2001 582 2056 longe
613 2016 632 2039 a
668 1999 851 2056 Neptuni
887 1998 1042 2055 templo
1075 1998 1198 2040 fuisse
1231 1998 1384 2051 Cluvii,
1405 2009 1442 2039 et
1459 1997 1642 2051 Lffl‘ffont
1663 2025 1762 2060 Cluvii,
1790 2032 1816 2052 ‘t

186 2060 259 2101 tuli
293 2061 437 2100 hortos
469 2075 516 2100 ex
548 2058 748 2101 Cicerone
780 2059 978 2099 habemus
1011 2057 1079 2098 lib.
1100 2057 1220 2100 XIV.
1244 2072 1306 2114 ep.
1336 2058 1455 2100 16ita
1477 2059 1695 2098 scri-Lemuri-

189 2118 319 2160 bente'
341 2118 392 2160 ad
425 2119 647 2174 Atticum;
679 2118 758 2160 'V.
794 2118 947 2160 lVonas
987 2116 1287 2159 conscendens
1342 2118 1396 2157 ab
1446 2118 1576 2159 hortis

193 2175 411 2219 Cluuianis
451 2182 462 2217 .'
499 2209 510 2220 .
554 2209 562 2217 .
600 2210 608 2219 .
645 2210 656 2220 .
697 2179 778 2218 has
807 2177 912 2217 decli
942 2176 1091 2218 literas
1113 2207 1124 2225 ,
1158 2190 1259 2220 cum
1316 2175 1459 2218 Piliae
1498 2192 1575 2218 ηο-

187 2243 303 2276 strae
335 2238 489 2277 villam
523 2235 583 2277 ad
622 2236 852 2277 Lucrinum
892 2245 970 2278 etc.
1005 2235 1073 2276 Ad
1109 2235 1245 2292 ipsum
1294 2236 1480 2276 Atticum
1528 2235 1579 2276 de

184 2292 351 2335 Lentuli
388 2295 520 2339 hortis
552 2295 607 2336 sic
641 2295 780 2336 scribit
814 2294 884 2336 lib.
916 2295 969 2338 V.
988 2294 1199 2336 Lentulus
1219 2295 1405 2340 Puteolis
1428 2295 1575 2338 inven-
