1961 2574
447 211 779 282 LIBER
843 213 1292 283 PRIMUS.

629 368 673 420 c
712 368 757 420 A
795 368 834 420 Ρ
872 366 920 417 U
961 367 1003 418 T
1077 367 1116 417 I.

493 525 558 565 De
598 515 817 577 Campania
851 518 975 561 Felici
1005 523 1045 561 in
1085 534 1246 574 genere.

193 672 470 777 REGmNEM
503 746 628 789 quam
659 730 874 773 incolimus
905 740 996 773 tum
1028 728 1217 785 antiqui,
1267 744 1362 772 cum
1413 731 1563 787 nuperi

195 791 412 848 scriptores
449 790 710 847 Campaniam
739 791 910 832 Felicem
941 803 1026 830 non
1059 788 1110 828 ab
1141 788 1358 828 hominum
1390 789 1561 829 felicita-

196 858 266 901 te,
297 849 367 890 sed
396 848 447 889 ab
477 847 693 891 arboribus
724 848 962 903 campisque
993 847 1114 898 vulgo
1158 845 1404 885 salutarunt.
1453 848 1561 887 Hinc

192 904 348 949 Plinius
379 905 447 946 lib.
480 905 555 946 III.
589 921 622 945 c.
657 906 685 945 5
717 904 804 944 iure
836 903 1067 956 meritoque
1100 901 1155 940 sic
1175 901 1297 941 tradit
1318 919 1328 938 .·
1361 907 1465 946 Hinc
1484 904 1566 946 Fe-

191 965 249 1005 lix
277 965 350 1005 illa
385 966 602 1019 Campania
637 970 726 1003 est.-
763 963 812 1002 ab
844 963 917 1002 hoc
950 963 1036 1000 sinu
1075 958 1268 1013 incipiunt
1305 963 1448 1016 vitiferi
1486 965 1569 1003 col-

199 1022 266 1063 les.
304 1024 361 1062 At
392 1035 487 1062 vero
520 1020 730 1061 undenam
761 1019 858 1061 huic
891 1017 1044 1061 Felicis
1074 1028 1348 1074 cognomen?
1381 1018 1444 1059 Cl.
1481 1022 1569 1060 Ma-

195 1078 360 1121 nochius
394 1078 444 1119 de
477 1079 666 1134 Amphit.
701 1078 851 1136 Camp.
874 1093 906 1119 c.
930 1090 944 1118 1
984 1077 1040 1118 sic
1061 1075 1212 1118 dictam
1232 1086 1437 1127 autumat,
1455 1078 1571 1134 quod

197 1138 296 1179 olim
328 1152 350 1178 a
382 1137 490 1196 Sylla
522 1136 654 1179 Felice
684 1137 819 1178 fuerat
846 1135 1069 1178 constituta
1115 1135 1274 1177 colonia
1306 1135 1346 1175 in
1397 1136 1471 1177 hac
1506 1152 1566 1178 re·

197 1196 349 1253 gione,
379 1211 483 1254 quae
515 1195 565 1237 ab
597 1207 765 1238 auctore
796 1204 1118 1251 cognomentum
1152 1193 1392 1250 desumpsit.

312 1257 367 1300 Ea
401 1269 496 1297 vero
528 1257 638 1311 regio
671 1255 840 1299 Latium
871 1254 1009 1306 inter,
1037 1253 1284 1305 Samnium,
1309 1253 1566 1305 Picentin0s‚

198 1313 468 1372 Inferumque
512 1329 623 1356 mare
670 1314 729 1357 est
775 1315 934 1372 posita,
968 1323 1014 1355 ut
1054 1312 1203 1355 Strabo
1234 1311 1373 1370 prodit
1417 1312 1484 1354 lib.
1520 1313 1571 1353 V.

199 1371 435 1433 Geograph.
481 1387 572 1431 pag.
616 1378 695 1428 167
726 1373 822 1417 edit.
870 1372 1098 1424 Amstelod.
1146 1386 1253 1427 1707
1284 1381 1421 1417 Πεδιόν
1451 1377 1577 1417 εὐδοιίῆ

203 1444 403 1482 μονεστάτον
457 1441 520 1478 τῶν
559 1441 713 1479 ἀπαντῶν
734 1465 747 1485 ,
779 1433 883 1476 idest
932 1436 1101 1475 omnium
1123 1435 1378 1489 fertilissima
1416 1440 1476 1474 est
1516 1450 1577 1475 re-

203 1492 274 1546 gio
291 1523 306 1544 ,
342 1493 494 1549 qnippe
526 1493 642 1534 cuius
675 1495 798 1535 etiam
830 1502 1019 1545 γεωλοφιάι
1047 1498 1249 1549 ειῖκαρποῖ,
1297 1493 1415 1533 colles
1449 1497 1578 1534 maxi-

199 1566 261 1591 me
285 1553 496 1608 frugiferi.
543 1551 782 1594 Sanfelicius
829 1552 880 1594 de
927 1553 1014 1595 Situ
1049 1554 1248 1606 Campan.
1283 1565 1370 1606 pag.
1421 1553 1446 1591 3
1480 1551 1575 1591 edit.

203 1610 332 1666 Neap.
371 1614 478 1665 1726
512 1610 673 1653 eosdem
693 1610 793 1654 fines
813 1612 1060 1669 Campaniae
1090 1610 1263 1665 assignat
1284 1609 1346 1650 his
1362 1607 1494 1652 verbis
1516 1629 1527 1650 :
1545 1614 1578 1652 A

202 1666 298 1710 Liri
320 1673 486 1725 flumine
511 1673 563 1711 ad
582 1674 700 1713 Sarni
736 1672 876 1715 ostiam
906 1675 1078 1728 pertinet
1098 1700 1111 1720 ‚
1145 1671 1357 1723 sexaginta
1389 1684 1578 1723 passuum

203 1727 376 1770 millibus
410 1738 643 1776 excurrente
674 1730 876 1786 planitie,
913 1746 1015 1786 quae
1050 1729 1102 1772 ab
1140 1729 1227 1784 ipsa
1260 1743 1490 1781 camporum
1528 1728 1581 1767 la-

208 1784 337 1827 xitate
375 1791 495 1842 sacta
532 1798 589 1829 est
631 1788 868 1844 Campania.
909 1792 968 1829 Hi
998 1803 1129 1829 amnes
1150 1816 1162 1837 7
1212 1789 1294 1825 eius
1328 1788 1404 1825 duo
1452 1787 1580 1826 latera

212 1848 477 1885 constituunt:
515 1847 576 1886 hic
607 1845 656 1886 ab
693 1855 785 1887 ortu
807 1876 818 1896 ,
859 1846 927 1887 ille
947 1847 996 1885 ab
1033 1859 1185 1886 occasu.
1226 1846 1400 1882 Boream
1452 1860 1580 1885 versus

208 1902 398 1943 montibus
433 1905 622 1957 cingitur:
655 1902 855 1945 Samnites
889 1912 930 1944 et
959 1902 1092 1958 Irpini
1124 1901 1444 1952 excludentibus,
1467 1916 1584 1959 quar-

209 1968 289 2001 tum
322 1975 409 2001 vero
448 1960 548 2006 latas
587 1974 695 2002 mare
721 1964 906 2016 possidet.
946 1962 1132 2003 Latine-do
1175 1964 1255 2001 eius
1288 1963 1393 1999 varia
1413 1990 1424 2009 ,
1449 1970 1492 2001 ut
1527 1971 1584 2002 ta-

206 2033 294 2061 men
323 2035 401 2074 qua
434 2024 606 2061 maxime
637 2021 858 2074 panditur,
879 2023 1048 2074 triginta
1080 2034 1157 2060 non
1193 2019 1348 2060 excedit
1381 2018 1584 2060 milliaria.

207 2079 325 2131 Quod
355 2083 390 2119 si
424 2082 543 2120 totius
582 2079 767 2131 ambitus,
790 2078 1031 2121 subducatur
1065 2082 1171 2120 ratio
1191 2108 1203 2126 ‚
1234 2078 1396 2131 colliges
1427 2080 1479 2118 ad
1500 2092 1586 2119 cen·

207 2145 288 2178 tum
302 2142 574 2192 et'sexaginta
599 2153 783 2194 passuum
817 2140 953 2180 millia.
986 2136 1135 2179 Iisdem
1170 2136 1252 2176 fere
1283 2134 1413 2176 verbis
1458 2135 1585 2176 fusius

208 2195 470 2251 Campaniam
505 2194 696 2246 describit
727 2196 914 2237 Clnerius
946 2195 1036 2239 Ital.
1073 2194 1215 2250 Antiq.
1248 2192 1316 2234 lib.
1352 2194 1423 2235 lV.
1462 2209 1494 2234 c.
1550 2208 1581 2234 Ι.

321 2253 583 2296 Fluminibus
614 2255 769 2308 rigatur
799 2254 956 2296 Savone
975 2287 986 2307 ,
1018 2252 1228 2295 Vuiturno
1249 2284 1262 2302 ‚
1296 2251 1458 2306 Clanio,
1490 2252 1579 2293 Sar·

211 2327 295 2363 no,
325 2312 493 2371 aliisque
526 2312 756 2373 minoribns
781 2345 793 2365 ‚
824 2323 870 2355 ut
900 2313 1087 2370 Sebethof
1121 2311 1334 2355 Montibus
1356 2320 1578 2356 cornnatui³

1266 2383 1292 2412 2
