1920 2579
400 99 481 141 136

394 157 603 214 quondam
639 157 861 198 vulcanum
898 156 1035 208 fuisse,
1076 165 1122 197 ut
1153 171 1200 198 ex
1244 157 1416 213 vestigiis
1449 169 1625 213 apparet.
1659 159 1766 199 Hinc

391 218 525 258 solum
562 217 708 258 Auiani
741 216 851 257 lacus
902 215 1001 255 nibil
1032 213 1143 255 aliud
1185 215 1239 257 ob
1286 215 1588 257 advenientium
1627 220 1765 258 oculos

397 275 600 327 ostendit,
633 290 758 330 quam
791 275 926 328 ignem
958 273 1202 329 quibusdam
1237 276 1277 315 in
1311 275 1408 315 locis
1440 275 1691 327 extinctum,
1724 286 1763 316 et

392 336 432 374 iu
471 335 555 375 aliis
591 333 723 373 adhuc
763 343 1083 388 permanentem.
1118 333 1254 375 Vicini
1292 332 1413 375 colles
1433 334 1671 387 Leucogaei⁷
1695 335 1765 389 qui

394 392 571 433 Vulcani
608 392 705 432 Fori
740 401 835 431 sunt
869 400 1035 447 partes,
1075 401 1121 431 ut
1155 392 1287 446 ipsum
1322 393 1440 432 etiam
1461 426 1473 445 ,
1515 403 1552 431 et
1584 394 1622 431 in
1671 392 1763 432 loco

392 449 628 506 praesertim
654 482 664 503 ,
700 449 767 490 ubi
799 449 994 490 dicuntur
1025 449 1175 490 Fontes
1207 450 1463 503 Leucogaei,
1486 452 1513 490 l'
1536 465 1677 507 acqua
1697 450 1763 490 ἅθ’

396 509 644 550 Pisciarelli
675 506 741 564 (ι)
764 540 777 557 ,
817 522 920 564 quos
952 507 1081 548 fontes
1113 507 1303 548 describit
1340 508 1492 549 Plinius
1525 509 1591 549 lib.
1616 508 1761 549 XXXl

393 582 427 607 c.
468 585 565 617 11.,
598 567 697 607 nihil
730 566 840 607 aliud
872 576 995 615 suut,
1028 581 1148 621 quam
1184 565 1382 620 ignivomi
1428 578 1595 607 montes.
1631 567 1762 621 Super

391 625 517 669 hosce
548 621 678 666 fontes
711 624 859 664 adsunt
890 623 1009 664 colles
1041 625 1293 678 Leucogaei,
1326 639 1436 664 nunc
1467 625 1497 664 l’
1516 626 1721 666 Alumera
1743 630 1761 673 ,‘

395 700 576 742 quorum
619 683 804 728 meminit
835 681 1071 723 Saufelioius
1102 682 1245 739 Senior:
1282 681 1395 737 Orig.
1424 683 1572 737 'Camp.
1604 698 1688 738 pag.
1715 684 1763 723 15

397 744 493 784 edit.
535 746 655 796 1726.
687 742 797 782 Haec
814 755 918 797 aqua
942 740 1043 780 duos
1076 741 1180 780 inter
1197 740 1402 782 montium
1425 752 1594 782 crateres
1615 771 1626 790 ‚
1654 755 1756 795 quos

398 803 571 842 afficimus
603 800 788 841 Astrzcni
807 831 820 850 ,
853 810 891 840 et
924 809 1108 841 montem
1138 799 1323 854 Spin'am
1354 799 1406 840 ad
1433 798 1609 841 Vulcani
1643 799 1767 848 Fori,

400 862 480 902 sive
515 859 804 914 Sulphurariae
836 857 988 899 radices
1023 859 1234 913 reperitur.

517 917 608 958 Hoc
654 916 787 960 solum
837 916 936 957 nibil
966 915 1075 957 aliud
1109 915 1262 966 offert,
1308 931 1433 973 quam
1482 915 1643 971 ignem,
1696 914 1767 955 ubi

399 978 529 1017 *ticina
562 988 666 1017 terra
718 976 974 1031 pestilente&
1022 986 1062 1015 et
1092 975 1332 1032 sulphureos
1363 976 1519 1016 exhalat
1568 973 1765 1030 vapores,

401 1049 440 1077 et
472 1036 541 1076 ubi
576 1033 707 1080 solum
740 1035 874 1089 ipsum
910 1032 986 1075 sub
1020 1032 1191 1089 pedibus
1221 1034 1450 1088 saepissime
1480 1034 1627 1074 tremit.
1663 1031 1764 1072 Vul-

402 1094 560 1136 caninae
591 1093 687 1132 hinc
728 1092 872 1146 passim
919 1092 1110 1133 materiae
1150 1091 1227 1133 loci
1275 1091 1417 1132 faciem
1463 1103 1768 1148 quaquaversus

400 1152 672 1193 convestiunt.
707 1149 822 1190 Idem
855 1150 1005 1191 Auiani
1036 1148 1145 1190 lacus
1163 1161 1292 1190 crater
1314 1159 1450 1191 totum
1482 1153 1613 1204 ignem
1645 1147 1769 1187 fuisse

404 1209 615 1267 quondam
644 1207 803 1263 liquido
834 1206 1086 1257 demostrat3
1120 1223 1216 1249 nam
1246 1207 1366 1249 etiam
1396 1222 1494 1250 cum
1523 1221 1627 1263 aqua
1660 1204 1770 1245 haud

398 1268 529 1310 ventis
559 1266 731 1322 agitatur
753 1298 763 1316 ,
796 1265 1042 1322 quibusdam
1061 1266 1101 1306 in
1132 1264 1229 1307 locis
1260 1265 1427 1307 ebullire
1445 1266 1632 1315 videtur,
1653 1278 1766 1319 prae-

400 1328 540 1370 sertim
573 1327 613 1366 in
648 1340 690 1364 ea
721 1325 830 1364 lacus
862 1334 973 1379 parte
997 1355 1010 1373 9
1044 1339 1147 1380 quae
1188 1339 1355 1379 parvam
1405 1325 1534 1365 Canis
1566 1331 1766 1376 cryptam

400 1387 575 1440 respicit.
605 1383 827 1437 Scriptores
859 1396 1000 1423 omnes
1038 1382 1109 1436 qui
1149 1381 1329 1424 eiusdem
1365 1381 1475 1424 lacus
1521 1380 1769 1424 mentionem

401 1443 616 1494 fecerunt,
663 1451 702 1480 et
754 1441 858 1481 inter
901 1439 998 1480 alios
1046 1440 1250 1482 Cariettus
1283 1473 1298 1491 ,
1354 1440 1533 1494 Regione
1583 1438 1772 1492 B'rugiata

399 1517 487 1557 pag.
528 1516 603 1544 112
623 1532 634 1552 ,
665 1498 777 1539 hunc
810 1498 956 1553 probat
990 1499 1126 1539 laeum
1158 1500 1391 1540 Vulcanum
1410 1498 1553 1548 fuisse,
1584 1507 1627 1537 ut
1647 1497 1768 1536 etiam

399 1558 451 1599 de
484 1571 620 1602 monte
651 1557 729 1601 diei
761 1568 924 1613 potest,
956 1557 1028 1615 qui
1063 1567 1229 1598 vocatur
1266 1557 1485 1599 Astmnus
1536 1554 1641 1613 (2),
1695 1552 1765 1593 ubi

394 1694 507 1705 0——

503 1764 556 1805 (ι)
584 1760 714 1795 Paucis
744 1759 873 1795 abhinc
901 1758 1004 1795 anuis
1031 1758 1130 1795 loous
1157 1758 1214 1794 hic
1228 1770 1395 1807 magnam
1422 1755 1534 1791 vicem
1562 1761 1614 1792 est
1634 1766 1765 1803 passus„

400 1815 507 1848 Parva
534 1822 653 1858 crypta
681 1810 725 1847 ad
752 1810 884 1845 montis
911 1809 1044 1844 radices
1071 1808 1263 1858 adsurgit,
1290 1808 1354 1844 ubi
1380 1805 1561 1857 quondam
1590 1817 1681 1853 aqua
1700 1815 1773 1839 sca-

402 1864 499 1898 tebat
526 1872 607 1897 cum
637 1862 777 1909 crepitu
806 1859 913 1895 instar
941 1868 1073 1896 aestus.
1101 1860 1200 1895 Haec
1228 1871 1321 1908 aqua
1349 1870 1389 1893 ex
1417 1855 1477 1891 illo
1507 1856 1656 1891 effluens
1684 1866 1769 1890 cavo

401 1926 482 1949 cuin
512 1912 590 1947 aliis
617 1910 818 1946 minorihus
845 1922 882 1945 se
912 1910 1082 1946 miscebat
1109 1909 1269 1945 fontibus
1293 1936 1304 1952 ‚
1332 1907 1394 1957 qui
1423 1906 1458 1941 in
1486 1905 1566 1941 loca
1594 1904 1770 1959 saliebant

406 1969 609 2013 praerupta.
637 1963 677 1996 ln
706 1960 832 1997 eadem
860 1959 966 2008 igitur
994 1966 1113 2009 crypta
1139 1972 1237 1995 nunc
1266 1958 1437 2005 temporis
1478 1956 1575 1992 idem
1621 1954 1767 1989 auditur

407 2025 580 2063 aquarum
609 2006 802 2055 unumne,
829 2017 864 2044 et
891 2009 1010 2045 adhuc
1036 2011 1144 2045 etiam
1173 2009 1267 2045 idem
1293 2012 1480 2058 permanet
1507 2005 1632 2042 caloris
1660 2016 1767 2052 vapo-

405 2066 524 2113 risque
565 2062 699 2110 gradus
722 2090 732 2106 ‚
775 2068 810 2095 et
835 2072 925 2107 aqua
956 2059 1052 2096 haud
1080 2061 1093 2106 (
1116 2069 1157 2096 ut
1183 2056 1285 2095 antea
1315 2059 1329 2106 )
1368 2057 1563 2105 adsurgere
1604 2053 1773 2096 videtur,

403 2116 456 2150 uti
485 2113 692 2149 observavit
731 2109 971 2154 Breislakius,
999 2109 1214 2160 Topografia
1255 2109 1371 2144 Fisica
1409 2105 1499 2142 della
1545 2103 1772 2153 Campania,

406 2177 490 2212 pag.
524 2162 608 2208 243.

507 2213 562 2259 (2)
603 2211 852 2255 Breislakius,
889 2210 1046 2261 Topogr.
1086 2211 1203 2251 risina,
1244 2221 1328 2258 pag.
1373 2206 1442 2253 240
1478 2206 1574 2241 hune
1615 2210 1776 2238 montem

411 2266 574 2299 autumat
604 2262 691 2299 olim
721 2262 924 2299 vulcanum
950 2274 1096 2313 quoque
1125 2261 1231 2298 fuisse
1250 2286 1260 2303 ,
1286 2270 1358 2295 non
1385 2256 1505 2295 solum
1533 2256 1578 2293 ob
1615 2252 1776 2302 Sulphu-
