1920 2579
1437 195 1458 224 2

145 242 268 286 (lomi
288 272 303 293 ,
336 253 469 300 quam
504 238 713 281 z'n'seena
746 240 984 284 eruhescat.
1025 241 1171 298 Quam
1209 238 1386 282 demum
1414 193 1520 295 pa4n7-

145 302 346 344 tomimus
378 313 406 340 a
433 297 619 353 puerilia
644 297 807 353 patitur
837 304 881 340 in
912 314 1132 353 corpore,
1178 300 1402 353 utar-tifex
1421 316 1519 343 esse

140 365 291 415 possit.
331 363 431 413 Ipsa
463 357 591 398 etiam
619 357 885 410 prostibula,
912 359 1117 412 publicae
1134 357 1326 400 libidinis
1351 361 1514 402 hostiae

144 421 188 460 in
219 432 355 460 scena
382 416 662 470 proferuntur
677 445 812 458 .....
834 414 981 458 Locus
1002 449 1018 468 ,
1059 422 1223 472 stipes,
1285 420 1477 474 elogium
1509 450 1520 471 ,

143 480 272 518 eliam
308 477 458 532 quihus
490 487 597 529 opus
629 488 717 514 non
735 484 799 515 est
817 505 828 527 ‚
841 475 1126 528 praedicatur
1141 508 1149 517 .
1171 508 1180 518 .
1204 507 1211 516 .
1233 508 1242 518 .
1261 475 1395 530 Ipsae
1414 479 1517 519 illae

138 533 321 590 pudoris
350 537 418 575 sui
447 532 815 587 interemptrices,
845 535 897 574 de
928 534 1113 590 gestibus
1138 536 1228 575 suis
1267 535 1327 575 affl
1362 538 1520 586 lucem,

143 603 185 634 et
213 592 423 646 populum
469 600 816 646 expavescentes
838 623 851 641 ,
883 593 1024 632 semel
1070 607 1187 632 anno
1248 595 1522 638 erubeseunt.

142 649 256 704 Quid
279 660 420 692 autem
451 646 499 690 de
534 648 701 699 Mimis,
740 658 780 692 et
798 649 1069 692 pantomimis
1092 650 1277 693 dicemus
1301 683 1314 702 ,
1339 668 1523 710 quorum

141 724 277 751 mores
312 707 414 750 adeo
447 707 633 766 corrupti
671 707 784 750 fuere
806 740 818 759 ,
856 717 901 749 ut
933 723 1079 751 eorum
1114 722 1255 766 gestus
1306 711 1526 766 impuden-

143 767 290 810 tissimi
323 766 687 818 existimarenturt
721 766 847 809 iidem
882 767 1059 809 maximo
1087 767 1130 809 in
1155 784 1228 810 usu
1251 785 1414 825 semper
1438 770 1523 813 fue-

145 842 189 869 re
211 861 222 878 ‚
255 835 376 883 atque
411 824 538 866 etiam
573 840 701 882 usque
753 825 805 867 ad
837 825 1014 868 Romani
1047 827 1215 884 Imperii
1270 829 1445 882 lapsum.
1481 833 1522 870 S

146 884 380 941 Cvprianus
410 882 526 940 epist.
560 883 778 926 XXXVII.
809 884 952 928 scribit
984 884 1093 941 ipso-0-
1126 900 1201 927 suo
1235 894 1419 943 tempore
1455 888 1521 928 asl-

143 942 229 986 huc
259 941 461 996 viguisse,
495 950 535 984 et
565 957 613 984 ex
643 940 829 985 fidelium
863 952 983 987 coetu
1016 943 1141 987 fuisse
1185 946 1374 1001 expulsos
1399 961 1408 986 ε
1443 947 1524 988 Ηί-

145 1001 251 1043 strio
289 1000 360 1054 qui
388 1000 432 1041 in
463 1000 567 1041 artis
603 1016 712 1042 suae
745 1001 961 1045 dedecore
986 1014 1325 1057 perseveraret,
1355 1014 1395 1045 et
1430 1020 1521 1046 mu-

142 1059 275 1117 gister
303 1058 631 1114 perdendorum
655 1048 925 1116 puer-aruns,
958 1061 1006 1103 id
1039 1062 1160 1118 quod
1191 1064 1307 1104 male
1341 1062 1520 1116 didicit,

143 1118 298 1160 ceteris
339 1117 527 1158 insinuat
547 1147 560 1166 ,
601 1131 692 1156 non
723 1116 876 1160 debere
913 1131 1013 1160 cum
1052 1121 1210 1161 ceteris·
1231 1121 1520 1163 communica-

145 1191 215 1228 re,
257 1189 357 1217 cum
388 1179 433 1215 in
462 1175 564 1230 lege
587 1174 903 1228 prohibeantur
934 1176 1014 1219 viri
1043 1176 1225 1219 induere
1268 1181 1523 1222 muliebrem

143 1245 300 1277 vestem
319 1264 330 1285 ‚
361 1232 520 1274 docent
547 1230 910 1289 quemadmodum
943 1235 1160 1278 masculus
1188 1238 1435 1295 frangatur
1477 1239 1522 1280 in

134 1294 393 1345 foeminam.

260 1350 364 1391 Sunt
394 1348 465 1405 qui
496 1347 705 1402 scribunt,
738 1347 816 1391 hbe
847 1349 1067 1394 hominum
1085 1352 1208 1407 ge'nus
1227 1354 1282 1395 ita
1315 1366 1524 1409 vocatum,

146 1405 260 1464 quod
291 1407 465 1448 Romam
497 1405 549 1447 ab
579 1408 732 1449 Histria
763 1407 1002 1461 advenerit,
1058 1414 1239 1454 scenicae
1267 1428 1434 1472 §nempe
1465 1432 1529 1467 ar,-
1576 1400 1605 1425 ‘²⁰

148 1466 202 1506 tis
251 1464 494 1508 exercendae
557 1479 673 1506 causa
706 1497 722 1517 ,
773 1467 959 1523 quamvis
1018 1468 1084 1510 alii
1133 1468 1184 1511 ab
1236 1469 1401 1514 Etruria
1438 1490 1520 1517 eos-

145 1523 241 1566 dem
287 1524 440 1565 venisse
490 1522 751 1566 arbitrantur.
796 1524 985 1567 Valerius
1029 1527 1232 1569 Maximus
1276 1528 1448 1578 libum.
1482 1549 1518 1576 c,

145 1590 188 1635 4.
221 1591 437 1639 postquam
469 1581 519 1623 de
550 1581 803 1625 Circensium
835 1583 1032 1628 ludorum
1063 1586 1223 1644 origine
1255 1589 1375 1630 ver-ba
1409 1591 1518 1644 fecit,

144 1640 199 1683 ob
231 1640 472 1684 Sabinarum
504 1641 724 1683 mulierum
756 1640 904 1685 scilicet
935 1655 1098 1701 raptum
1121 1677 1134 1697 ,
1186 1646 1242 1685 ait
1291 1646 1521 1696 Romanam

144 1703 399 1742 iuventutem
431 1699 624 1757 temporis
656 1714 865 1757 progressu
899 1701 999 1746 festa
1045 1704 1266 1746 Consualia
1314 1708 1354 1748 iu
1396 1709 1524 1754 hono.

146 1773 233 1800 rem
270 1757 336 1799 dei
367 1758 493 1800 Consi
530 1757 833 1811 celebrantem,
869 1770 970 1802 tuuc
1004 1761 1182 1804 incultos
1200 1778 1337 1807 versus
1364 1779 1522 1812 cautas-

144 1829 199 1862 se.
233 1819 351 1859 Hanc
388 1818 442 1860 ob
474 1832 636 1859 causam
665 1817 779 1859 acciti
810 1818 862 1859 ab
895 1818 1062 1861 Etruria
1094 1821 1300 1864 Ludiones
1321 1854 1332 1874 ‚
1388 1825 1437 1866 ad
1471 1829 1520 1869 ti-

146 1876 288 1919 bicinis
320 1875 465 1917 modus
496 1876 716 1918 saltantes:
755 1877 993 1919 huiusmodi
1026 1879 1211 1922 homines
1245 1882 1353 1937 apud
1396 1886 1522 1928 Etru-

145 1950 232 1978 scos
280 1936 503 1990 Histriones
535 1934 797 1978 vocabantur.
835 1934 899 1978 Et
928 1938 1029 1995 quia
1065 1937 1230 1981 Ludius
1275 1941 1395 1995 apud
1443 1960 1522 1988 eos

148 1995 313 2035 Histrio
349 1992 675 2049 appellabatur,
708 1994 885 2036 scenico
913 2011 1072 2038 nomen
1094 1998 1308 2040 lu'striom's
1337 2000 1520 2046 inclitum

146 2063 222 2095 est.
257 2053 398 2094 Postea
430 2053 568 2096 Livius
600 2052 865 2095 Andronicus
898 2056 1133 2097 auditorum
1167 2057 1350 2099 animum
1384 2060 1434 2101 ad
1466 2063 1526 2104 fa-

147 2111 286 2153 bulam
320 2110 453 2155 vertit:
491 2111 559 2153 hie
592 2110 686 2169 quia
718 2111 875 2169 populo
893 2114 1077 2170 placebat
1096 2145 1108 2165 ‚
1133 2114 1323 2158 iuvenem
1354 2118 1403 2159 ad
1429 2136 1526 2162 can-

147 2168 319 2210 tandum
350 2169 566 2223 adhibuit,
633 2170 839 2229 aliumque
879 2172 931 2214 ad
981 2173 1157 2215 citharae
1205 2189 1386 2226 sonum,
1423 2178 1527 2220 dum

148 2227 232 2283 ipse
249 2227 422 2271 fabulam
445 2239 771 2285 repraesentaret.
794 2230 848 2271 Hi
872 2229 1017 2284 Ludii,
1033 2233 1114 2273 sive
1133 2232 1341 2276 Ludiones
1365 2237 1532 2279 iuvenes

154 2296 269 2330 erant
301 2287 529 2345 impuberes
550 2319 564 2341 ,
595 2287 846 2346 elegantibus
878 2288 1012 2338 induti
1066 2291 1247 2343 vestibus
1265 2293 1372 2350 galea
1417 2297 1529 2338 insu-

1544 1353 1704 1382 Πιεῑιὶοιυιῑη
1742 1374 1766 1383 .‚-
