1920 2579
1454 106 1536 160 237

291 171 488 225 Quamvis
521 178 655 211 autem
690 166 814 210 Patrii
836 167 1056 226 scriptores
1082 165 1327 209 unanimiter
1344 165 1424 209 hoc
1447 168 1537 207 Ma·

175 230 284 272 ronis
319 237 630 272 monumentum
665 243 714 269 eo
746 226 788 267 in
820 227 916 269 loco
951 227 1221 277 conlocarint,
1242 234 1378 266 tamen
1396 240 1536 267 recen·

179 288 281 329 tium
317 296 531 330 auctorum
565 286 701 341 opinio
734 293 793 326 est
826 286 903 327 alia
924 317 935 338 ‚
969 302 1100 343 neque
1140 284 1225 327 hcc
1271 283 1538 340 sepulchrum

178 346 225 387 ad
261 346 476 400 Virgilium
497 376 507 395 ‚
540 343 610 386 sed
641 345 919 386 communiter
951 343 999 386 ad
1034 344 1213 400 aliquam
1245 343 1439 383 familiam
1462 355 1538 398 po-

178 406 257 445 tins
292 404 529 462 pertinuisse
568 412 784 452 asserunt,
830 418 926 445 cum
961 419 1008 444 ex
1038 402 1213 444 fabricae
1237 401 1544 443 constructione

176 464 270 504 satis
303 462 535 504 luculenter
571 470 737 502 eruatur
769 461 904 504 varios
936 462 1096 504 loculos
1131 459 1182 502 ad
1215 460 1371 502 cineres
1392 459 1546 499 immit-

176 520 319 562 tendos
352 519 552 562 habuisse.
588 520 682 561 Hoc
715 520 904 576 profecto
939 520 1125 561 Maronis
1158 517 1426 575 sepulchrum
1461 532 1547 558 esse

177 577 350 620 debebat
379 594 503 636 super
535 579 641 620 viam
674 578 887 635 publicam
911 611 922 628 ‚
957 588 1001 620 ut
1031 578 1216 620 scribunt
1252 585 1405 618 veteres
1452 576 1548 618 cita-

177 638 204 676 ti
233 647 432 679 auctores.
475 637 601 678 Nulla
634 635 715 679 hoc
749 638 841 693 loco
873 637 962 680 viae
997 638 1188 693 antiquae
1207 650 1299 691 pars
1323 645 1471 684 restat,
1486 650 1550 675 ne·
1604 674 1606 676 ,

180 710 256 751 que
290 695 381 736 heic
416 696 476 737 via
510 695 665 736 isthaec
700 695 777 738 fuit
811 711 1009 752 unquam.
1035 699 1125 737 Hoc
1144 692 1411 750 sepulchrum
1427 693 1549 734 etiam

181 753 449 808 magnificum
482 768 566 794 esse
599 752 802 804 debebat,
836 769 934 796 cum
966 755 1081 795 iussu
1114 752 1374 809 Imperatoris
1408 753 1552 807 Augu-

184 812 234 852 sti
265 812 340 852 fuit
375 821 589 854 erectum:
624 810 796 854 huiusce
828 827 938 854 nunc
975 811 1088 853 nulla
1121 819 1305 868 superest
1323 826 1414 867 pars
1435 841 1450 861 ,
1486 825 1556 850 ne-

180 884 257 925 que
291 870 456 911 ubinam
491 870 612 911 fuerit
646 871 809 926 proprie
844 870 970 911 situm
993 901 1006 920 ,
1043 885 1118 926 per
1148 879 1337 912 auctores
1377 877 1553 911 constat.

177 927 397 968 Reicienda
429 938 489 968 est
523 929 650 983 igitur
683 928 918 969 communis
952 929 1139 968 omnium
1175 937 1410 968 nostrorum
1460 927 1553 981 opi-

176 985 248 1025 nio
269 1016 279 1036 ‚
314 986 383 1040 qui
420 986 699 1039 virgilianum
733 984 1003 1040 sepulchrum
1037 999 1085 1026 eo
1118 986 1214 1027 loeo
1236 995 1472 1040 posuerunt.
1491 985 1554 1026 Cl.

176 1040 411 1084 Canonicus
444 1043 598 1095 lorias,
636 1042 774 1084 Guida
809 1042 849 1083 di
883 1044 1095 1093 Pozzuoli,
1130 1042 1222 1085 edit.
1243 1044 1416 1100 Neapol.
1447 1046 1555 1085 1822

175 1097 283 1143 hanc
320 1101 446 1142 etiam
477 1102 719 1158 opinionem
757 1111 820 1143 est
849 1111 1028 1144 secutus.

291 1159 355 1200 Ex
388 1161 579 1202 Martiale
612 1160 783 1217 insuper
801 1170 1063 1218 compertum
1082 1159 1300 1210 habemus,
1323 1160 1554 1216 Virgilium

175 1218 354 1272 Neapoli
388 1218 528 1262 villam
559 1218 750 1261 habuisse
785 1235 868 1260 non
903 1221 1051 1277 procul
1082 1219 1251 1262 forsitan
1284 1236 1307 1261 a
1340 1235 1414 1261 suo
1464 1234 1555 1274 mo-

174 1286 401 1328 nument03
438 1277 545 1319 hanc
579 1278 703 1319 Silius
736 1279 905 1320 Italicus
937 1289 1077 1336 postea
1110 1278 1291 1337 possedit
1313 1289 1340 1331 ,'
1366 1288 1411 1320 ut
1442 1277 1553 1322 canit

176 1333 377 1377 Martialis
410 1336 481 1377 lib.
515 1337 590 1378 Xt.
625 1336 768 1393 Epigr.
808 1347 862 1391 49
894 1336 976 1380 hoc
1013 1337 1168 1379 modo:

233 1394 365 1434 Silius
400 1395 509 1434 llaec
547 1397 698 1452 magni
726 1397 916 1436 celebrat
948 1407 1229 1438 monumenta
1261 1396 1488 1446 Maronis,

294 1453 453 1508 Iugera
474 1455 669 1504 facundi
707 1459 779 1510 qui
823 1455 1045 1494 Ciceronis
1088 1457 1219 1495 hahet.

232 1513 480 1552 Haerentem
503 1544 516 1561 ,
566 1512 873 1567 dominumque
890 1514 960 1553 sui
977 1515 1244 1570 tumulique,
1287 1514 1494 1570 larisque,

290 1567 397 1608 [Von
441 1571 573 1609 aliam.
612 1572 762 1610 mallet
792 1586 873 1610 nec
906 1571 1040 1610 Illaro
1062 1603 1075 1621 ,
1114 1586 1194 1611 nec
1230 1573 1394 1615 Cicero.

173 1629 230 1670 Et
261 1627 302 1669 in
339 1626 417 1670 hac
452 1637 560 1669 certe
592 1629 690 1671 villa
722 1637 949 1670 extremum
985 1629 1134 1671 obiisse
1167 1630 1297 1671 fatum
1332 1629 1443 1672 hunc
1494 1631 1553 1671 Si-

175 1688 280 1728 lium
311 1696 614 1728 commemorat
654 1687 809 1728 Plinius
843 1687 914 1728 lib.
946 1687 1019 1730 Ill.
1053 1703 1118 1744 ep.
1150 1702 1175 1729 2.
1209 1689 1272 1731 his
1305 1689 1453 1730 verbis:
1491 1690 1554 1729 Sc·-

175 1746 258 1785 litts
291 1745 473 1785 Italicus
510 1746 552 1784 in
589 1745 887 1800 Neapolitano
920 1761 997 1787 suo
1033 1747 1179 1787 inedia
1214 1749 1339 1788 vitam
1369 1749 1546 1797 finisse.-

177 1812 216 1844 et
252 1803 376 1858 paulo
412 1811 500 1857 post
533 1803 776 1858 subiungit3
810 1804 998 1843 lllnltum
1030 1805 1181 1860 ubique
1200 1806 1422 1855 libror-unz,
1442 1808 1548 1845 mul-

176 1872 267 1903 tum
300 1869 538 1900 statam-um
562 1891 573 1911 ‚
609 1863 787 1901 multum
823 1861 1064 1916 imaginum
1086 1892 1097 1911 ,
1137 1876 1246 1918 quas
1293 1877 1379 1902 non
1419 1865 1550 1903 lutbe-

176 1923 243 1960 hat
273 1917 402 1958 morlo
426 1949 437 1967 ‚
472 1934 625 1959 verum
666 1920 793 1959 etiam
846 1922 1169 1960 venerabatur:
1223 1921 1404 1977 Virgilii
1450 1936 1550 1961 mne

178 1992 331 2019 omnes
350 2007 360 2026 ‚
395 1978 468 2016 ειιὶ
495 1980 686 2018 natalem
715 1978 960 2034 religiosius
983 2011 992 2026 ,
1028 1994 1158 2034 qnam
1197 1994 1322 2020 suum
1357 1981 1548 2021 celebm-

178 2039 262 2077 bat.
298 2035 494 2089 Neapoli
521 2038 718 2076 maxime
740 2067 750 2086 ,
783 2037 854 2077 ubi
889 2046 1214 2077 monumentum
1251 2039 1342 2078 eins
1391 2039 1512 2079 adire
1532 2070 1546 2088 ,

180 2109 224 2136 ιιι
258 2095 459 2146 templum
495 2095 668 2134 Solebat.
702 2094 906 2152 Capacius
941 2095 1106 2136 tandem
1140 2095 1245 2138 hane
1286 2097 1429 2138 villam
1463 2098 1550 2138 Pa·

194 2151 408 2197 alcidem,
442 2153 507 2195 vel
539 2152 836 2194 Patr-asculum
868 2155 1049 2211 appellat
1091 2155 1199 2195 Hist.
1251 2156 1426 2212 Neapol.
1474 2156 1546 2198 hb.

176 2212 229 2254 ΙΙ.
265 2227 300 2253 c.
335 2225 372 2251 2.
1226 2250 1227 2253 ,

294 2268 358 2311 Ad
392 2268 543 2314 Echiae
575 2271 851 2328 promontorii
884 2270 1073 2327 radices,
1110 2271 1220 2331 quod
1245 2289 1432 2332 pamma
1452 2277 1548 2317 Pau.
1569 2274 1656 2308 Aquae
1685 2274 1769 2300 Mine·

1630 2309 1707 2335 talc».
