1920 2579
130 1445 202 1470 Petri
223 1443 336 1469 ‘solemn
321 1439 349 1465 ui

130 1482 206 1508 villa.

353 153 401 202 14

346 209 530 260 civium,
563 218 602 249 et
634 218 870 250 exterorum
898 206 1203 251 advenientium
1235 210 1458 252 commodo
1505 209 1558 252 ad
1605 225 1715 253 mare

345 267 527 323 positum
557 266 798 324 conlapsum
828 265 915 315 fuit,
940 268 1124 322 profecto
1154 284 1202 311 ex
1235 269 1574 320 terraemotibus,
1606 269 1718 312 bellis

347 325 628 368 Barbarorum
659 326 832 367 assiduis
852 358 863 379 ,
904 326 1074 384 aliisque
1106 329 1250 370 causis.
1275 327 1328 369 Et
1351 344 1392 370 re
1411 344 1506 369 sane
1525 344 1614 370 vera
1635 329 1721 370 No-

347 387 386 425 vi
419 386 573 426 Montis
604 386 800 442 eruptio,
842 395 882 427 et.
913 386 1035 427 huius
1069 385 1139 427 soli
1179 397 1314 431 motus
1354 398 1484 429 terrae
1515 388 1619 428 hanc
1635 402 1719 428 ma-

348 442 725 497 gnificentissimam
756 445 908 486 molem
939 455 1184 486 everterunt.
1216 445 1385 490 Adhaec
1418 447 1458 488 in
1494 447 1597 487 hanc
1651 462 1719 487 ur-

345 501 439 542 bem
470 500 776 552 Barbarorum,
811 513 850 544 et
882 503 1134 545 diversarum
1163 505 1345 569 gentium
1367 506 1614 555 adventus,a
1635 504 1722 560 qui-

345 559 420 601 bus
453 561 636 602 aedificia
667 572 815 603 cuncta
845 579 962 618 saepe
994 563 1083 617 igne
1116 551 1314 620 ferroque
1337 576 1432 605 sunt
1483 565 1684 605 destructa
1708 594 1721 613 ,

345 634 467 660 causa
501 635 615 676 proc
605 623 644 662 il
675 620 804 662 dubio
836 621 1036 670 fuere‚0b
1068 637 1194 675 quam
1210 632 1352 662 cuncta
1373 621 1580 679 deperdita
1604 632 1716 672 sunt,

345 689 384 718 et
418 682 652 734 praesertim
687 680 767 720 hoc
800 681 1012 732 templum.
1048 681 1124 720 His
1155 680 1347 722 omnibus
1379 681 1588 723 addendae
1639 681 1720 734 pri-

341 752 512 779 morum
533 738 685 779 Christi
692 753 868 779 morum
883 738 1184 793 Imperatorum
1202 740 1514 795 persecutiones,
1532 740 1604 796 qui
1623 740 1720 780 deo-

342 811 436 836 rum
459 796 577 837 fana
568 811 657 851 igne
675 807 1008 844 concrcmarunu
1025 808 1063 838 et
1079 810 1236 852 praeter
1255 798 1328 838 alia
1348 799 1484 854 Serapi
1475 798 1550 839 dis
1571 797 1723 852 templa

346 853 499 910 ubique
521 865 725 897 terrarum
758 856 851 898 vel
841 870 1021 902 incensa,
1048 855 1123 897 vel
1129 855 1336 911 derelicta,
1357 858 1415 898 vel
1434 872 1456 897 a
1482 856 1727 898 fundamen·

345 913 395 953 tis
428 930 576 956 eversa.
610 917 703 955 Hoc
736 925 937 970 praeterea
974 915 1174 971 templum
1205 926 1334 956 terrae
1352 916 1650 970 aggestionibus
1669 929 1728 954 re·

347 973 504 1026 pletum
539 974 815 1015 crediderim:
850 973 938 1029 ipso
969 973 1079 1013 enim
1112 973 1308 1017 derelicto
1331 1006 1344 1025 ,
1377 986 1414 1015 et
1463 974 1564 1017 urbe
1610 987 1728 1028 saepe

344 1032 538 1084 incensa·
574 1047 774 1088 aquarum
810 1031 1096 1073 inundationes
1125 1032 1300 1072 vicinam
1354 1044 1501 1074 terram
1553 1031 1655 1072 adeo
1702 1045 1724 1070 e

345 1090 592 1155 propinquis
627 1090 835 1131 montibus
866 1093 1138 1141 abraserunt,
1174 1101 1218 1131 ut
1259 1092 1449 1145 proniora
1497 1089 1590 1130 sano
1640 1089 1727 1128 loca

347 1147 510 1203 penitus
541 1149 836 1205 oppleverint,
874 1159 914 1189 et
946 1158 1057 1189 mare
1087 1157 1215 1188 totam
1250 1148 1377 1189 litoris
1410 1158 1567 1204 partem
1601 1146 1727 1202 reple

348 1208 486 1257 verit,
522 1207 813 1262 templumque
846 1206 980 1262 ipsum
1014 1220 1109 1246 cum
1142 1206 1420 1247 adiacentibus
1452 1207 1569 1248 terris
1608 1204 1736 1246 fueris

340 1265 576 1321 oppletum.
613 1265 734 1306 Plura
766 1265 799 1305 si
831 1265 947 1321 cupis
979 1263 1030 1306 de
1061 1264 1264 1322 Serapidis
1297 1263 1522 1305 Puteolano
1557 1263 1729 1319 tempIO,

347 1322 468 1363 adisis
499 1322 560 1364 Cl
595 1324 752 1365 Ioiium
786 1325 828 1364 in
860 1338 1016 1378 opere,
1049 1324 1162 1378 quod
1194 1323 1429 1379 inscripsit,
1466 1321 1731 1365 monumenti

346 1381 489 1423 inediti
524 1381 565 1422 di
597 1382 810 1424 Antichita
843 1391 918 1423 etc.
952 1381 1102 1437 Napoii
1141 1383 1262 1424 1820.

470 1442 604 1496 Prope
634 1439 886 1496 descriptum
923 1439 1126 1495 Serapidis
1160 1439 1359 1492 templum
1394 1439 1472 1483 fuit
1503 1439 1602 1482 olim
1621 1438 1730 1480 Petri

348 1500 536 1543 Toletani
569 1499 938 1556 Neapolitanorum
971 1500 1159 1553 Proregis
1191 1498 1283 1539 villa
1305 1531 1317 1549 ‚
1351 1507 1479 1557 quain
1510 1498 1575 1539 ille
1623 1496 1730 1539 exci-

348 1561 450 1603 tavit
483 1561 523 1600 in
556 1559 752 1615 loeo‚qui
784 1573 894 1599 nunc
929 1557 1078 1597 dicitur
1110 1559 1155 1598 la
1193 1557 1367 1601 flIalva.
1388 1561 1493 1600 Heic
1515 1558 1621 1598 enim
1638 1556 1733 1596 hor-

348 1629 411 1660 tos
444 1619 528 1675 ipse
560 1617 705 1658 habuit
735 1616 1042 1658 amoenissimos
1065 1645 1078 1662 ,
1111 1627 1150 1656 et
1194 1615 1366 1656 domum
1410 1618 1502 1657 satis
1548 1628 1734 1655 eommo-

349 1677 446 1719 dam
467 1676 718 1718 aedificatam
752 1690 860 1716 anno
895 1673 1076 1715 MDXL.
1111 1690 1215 1730 quae
1235 1675 1285 1717 ad
1318 1690 1427 1716 mare
1446 1688 1575 1731 usque
1595 1684 1732 1714 exten-

349 1736 553 1787 debatur,
587 1750 794 1792 quamque
826 1734 937 1774 idem
969 1731 1187 1784 condidit,
1243 1749 1326 1789 quo
1377 1734 1586 1775 Puteolani
1639 1741 1734 1787 post

349 1795 463 1837 Novi
497 1795 649 1835 Montis
681 1793 937 1849 eruptionem
973 1791 1068 1831 anni
1116 1792 1450 1834 MDXXXVIH.
1502 1793 1542 1833 in
1590 1790 1737 1831 mbem

350 1870 492 1896 rUI'SUS
526 1855 705 1895 redirent
738 1849 1049 1909 perterrefaCti7
1082 1860 1127 1891 Ut
1159 1867 1206 1892 CX
1226 1853 1300 1892 hac
1320 1862 1429 1908 patet
1453 1849 1731 1906 inscriptione:

366 1971 563 2009 PETRUS
596 1996 605 2006 .
634 1969 865 2005 TOLEDUS
893 1997 902 2008 .
927 1969 1155 2005 MARCHIO
1185 1996 1194 2004 .
1221 1968 1403 2004 VILLAE
1428 1996 1438 2006 .
1459 1966 1720 2004 FRANCHAE

749 2021 927 2056 CAROLI
959 2048 967 2056 .
997 2019 1030 2052 V
1062 2047 1073 2057 .
1102 2019 1322 2055 IMPERAT

464 2073 515 2108 IN
546 2100 554 2108 .
586 2071 753 2107 REGNO
784 2098 793 2107 .
823 2070 1176 2107 NEAPOLITANO
1206 2097 1214 2105 .
1243 2068 1479 2105 VICARIUS
1510 2095 1520 2105 .
1550 2067 1618 2103 UT

628 2122 960 2157 PUTEOLANOS
993 2148 1002 2158 .
1034 2123 1098 2157 OB
1130 2149 1139 2158 .
1168 2120 1446 2156 REGENTEM

471 2173 586 2208 AGRI
618 2200 626 2208 .
655 2172 1151 2210 CONFLAGRATIONEM
1182 2198 1190 2208 .
1219 2169 1476 2206 PALANTES
1509 2197 1517 2206 .
1547 2167 1611 2203 AD

628 2223 887 2259 PRlSTlNAS
919 2250 927 2259 .
956 2222 1108 2258 SEDES
1141 2250 1149 2257 .
1176 2220 1471 2256 REVOCARET

402 2272 601 2309 HORTOS
633 2301 643 2311 .
670 2273 913 2310 PORTICUS
945 2301 953 2309 .
986 2273 1050 2307 ET
1082 2299 1090 2308 .
1118 2270 1310 2307 FONTES
1342 2298 1351 2307 .
1383 2267 1687 2307 MARMOREOS
