1920 2579
371 94 396 122 2

329 95 378 181 Ze
412 139 587 188 Morlo,
625 137 694 178 sed
729 136 848 178 fuisse
881 136 1087 179 Baianum
1121 137 1280 186 sinum,
1329 148 1371 178 ut
1421 150 1616 181 autumat
1660 143 1709 183 P.

323 196 474 239 Paulus
509 197 577 237 fol.
611 213 638 252 9
674 196 844 252 Antiqq.
881 195 1038 236 Puteol.
1073 207 1111 236 et
1141 195 1205 236 alii
1241 207 1405 250 portum
1444 199 1717 254 [ulium5qui

329 272 374 297 ex
408 255 574 295 lacubus
605 257 797 304 Averno,
831 263 870 294 et
905 253 1086 295 Lucrino
1119 269 1245 295 unum
1266 254 1503 296 efficiebant
1527 267 1710 312 portum.

330 314 408 355 Sed
439 325 596 353 certum
629 323 686 354 est
720 313 828 353 hunc
856 309 1120 353 differentem
1155 312 1278 353 fuisse
1312 328 1356 353 ex
1390 315 1477 354 aliis
1508 315 1620 354 hisce
1649 314 1713 353 di-

329 374 415 412 ctis.
448 372 557 424 Quin
591 373 672 412 imo
705 371 851 411 vetusti
883 380 1070 410 auctores
1102 371 1153 412 ad
1188 386 1318 411 unum
1370 386 1515 412 omnes
1564 370 1711 412 confic-

327 440 472 477 mant‚
511 432 715 471 Misenum
748 444 868 469 suum
904 427 1090 468 habuisse
1124 440 1305 484 portum.
1328 429 1482 470 Plinius
1508 431 1612 469 Hist.
1633 429 1713 470 Na-

331 498 410 529 tur.
440 486 507 528 lib.
542 487 615 529 111.
648 502 681 527 c.
716 487 738 527 5
774 486 1005 528 describens
1042 485 1160 527 urbes
1196 487 1446 541 Campaniae
1468 487 1709 537 maritimas,

329 556 369 586 et
401 557 542 602 portus
574 546 628 585 sic
661 544 825 586 scribit:
859 544 916 585 In
964 558 1042 584 ora
1075 555 1173 585 sunt
1229 545 1391 585 Cumae
1453 545 1713 586 Chalciden-

328 608 440 645 sium
459 635 471 651 ,
507 604 721 644 Misenum
742 634 753 652 ‚
782 612 937 657 por-lus
973 601 1182 642 Baiarum
1201 634 1215 651 ,
1266 604 1392 642 'lacus
1457 604 1676 644 Lucrinus
1699 617 1733 652 ‚⁴

333 672 373 702 et
411 661 619 702 Avernus
641 692 655 711 ,
700 662 799 700 dein
838 660 1023 700 Puteoli.
1059 660 1113 699 Et
1146 660 1293 700 Florus
1326 659 1401 700 lib.
1437 660 1464 700 I.
1502 676 1537 700 c.
1593 665 1642 703 16
1675 671 1714 701 et

328 720 549 772 Pompeius
587 719 689 759 Mela
723 719 790 760 lib.
831 718 883 758 II.
917 733 952 760 c.
986 724 1012 768 4
1044 717 1086 757 id
1136 719 1254 758 etiam
1306 717 1560 758 confirmant
1582 749 1594 769 ,
1643 718 1714 759 ubi

329 776 381 817 de
415 776 631 817 Misenensi
663 787 786 832 portu
818 775 940 816 verba
973 774 1143 817 faciunt.
1182 777 1328 816 Portus
1360 776 1516 830 igitur,
1549 786 1587 816 et
1619 776 1715 817 urbs

328 837 535 877 Misenum
570 834 648 888 fnit
680 835 785 875 inter
815 833 994 884 Cumas,
1027 845 1066 874 et
1098 834 1222 875 Baias.
1258 834 1367 874 Inter
1393 835 1488 874 haec
1514 835 1604 876 loca
1622 833 1714 875 nul-

329 892 393 933 lus
422 892 521 932 alius
554 903 694 943 portus
746 892 877 933 existit
910 902 1066 947 praeter
1115 893 1387 933 Misenensem
1412 923 1423 941 ,
1477 891 1549 932 ubi
1606 907 1716 933 nunc

329 951 464 992 filare
498 951 657 991 Marto.
692 949 888 992 Mirabilis
923 949 1111 1000 Piscina,
1144 951 1288 992 Schola
1326 949 1507 991 Militum
1535 981 1548 1000 ,
1601 960 1717 992 vetu-

326 1019 409 1049 stae
453 1011 765 1064 inscriptiones,
827 1019 1124 1059 monumenta,
1177 1008 1392 1063 sepulchra
1447 1009 1631 1062 passim,
1679 1016 1718 1047 et

321 1067 560 1122 praesertim
597 1067 696 1121 pilae
731 1081 857 1121 prope
887 1067 982 1107 litus
1016 1066 1108 1107 satis
1147 1077 1472 1108 commonstrant
1508 1066 1596 1106 heic
1618 1097 1629 1118 ,
1669 1074 1708 1105 et

323 1139 408 1166 non
440 1123 518 1164 alio
550 1123 639 1164 loco
674 1123 912 1177 ponendum
955 1125 1228 1165 Misenensem
1268 1135 1451 1180 porttlm.

442 1185 562 1224 Extat
592 1182 631 1221 in
654 1183 777 1237 Regio
807 1184 950 1223 Museo
992 1181 1198 1223 Borbonio
1235 1196 1414 1223 marmor
1448 1174 1730 1221 Graeco-Lena

323 1242 459 1282 tinum
493 1239 601 1293 apud
637 1243 843 1281 Misenum
883 1249 1091 1296 repertum
1117 1271 1128 1289 ,
1162 1255 1207 1281 ex
1249 1253 1333 1296 quo
1376 1236 1599 1278 evidenter
1637 1239 1720 1278 elu-

325 1310 417 1350 cet,
448 1299 536 1339 heic
566 1297 766 1339 celebrem
798 1297 920 1338 fnisse
959 1308 1127 1352 portum
1148 1328 1159 1347 ‚
1201 1308 1240 1336 et
1286 1296 1452 1338 classem
1519 1295 1722 1336 Misenen-

326 1372 412 1399 sem
447 1356 679 1397 decoratam
717 1355 990 1397 titulo,Picce
1031 1355 1233 1397 Vindicis
1266 1353 1555 1397 Gordianae:

618 1470 747 1506 ΘΕΩῙ
777 1498 785 1506 .
814 1467 1070 1506 ΜΕΓΙΣΤΩΙ
1101 1495 1109 1505 .
1140 1469 1226 1505 ΚΑΙ
1256 1496 1264 1505 .
1292 1469 1428 1513 ΚΑΛΗ

403 1520 561 1558 MOIPA
588 1547 597 1556 .
625 1519 832 1558 ΟΥΑΛΗΣ
862 1548 869 1555 .
900 1519 1067 1554 ΑΡΧΗΝ
1101 1547 1108 1555 .
1140 1519 1317 1554 ΛΑΧΩΝ
1349 1546 1357 1555 ,
1389 1517 1633 1554 ΕΠΑΡΧΟΝ

481 1570 756 1609 ΜΕΙΣΗΝΩΝ
787 1599 795 1606 .
826 1569 1035 1607 ΣΤΟΛΟΝ
1065 1594 1075 1605 .
1106 1569 1311 1606 ΕΣΤΗΣΑ
1340 1595 1347 1602 .
1376 1568 1559 1604 ΒΩΜΟΝ

670 1619 923 1657 ΕΚΤΕΛΩΝ
955 1646 964 1655 .
994 1618 1173 1654 ΕΥΧΗΝ
1205 1645 1214 1654 .
1243 1618 1387 1654 ΕΜΗΝ

368 1730 470 1766 DEO
495 1756 504 1765 .
530 1729 707 1767 MAGNO
739 1757 746 1764 .
776 1727 840 1763 ET
873 1755 880 1768 ,
911 1726 1042 1761 FATO
1073 1750 1082 1761 .
1112 1723 1247 1760 BONO
1279 1751 1287 1760 .
1321 1724 1418 1760 VAL
1447 1753 1454 1761 .
1489 1723 1682 1761 VALENS

509 1780 542 1813 V
576 1807 583 1815 .
613 1780 641 1814 P
672 1808 680 1816 .
709 1775 1035 1813 PRAEFECTUS
1067 1802 1074 1810 .
1107 1773 1302 1810 CLASSIS
1337 1801 1346 1814 ,
1377 1776 1528 1812 MISEN

530 1830 559 1865 P
586 1855 596 1865 .
623 1830 654 1864 V
685 1855 694 1864 .
723 1825 1012 1865 GORDIANAE
1043 1852 1051 1860 .
1085 1823 1270 1860 VOTUM
1302 1851 1309 1860 .
1340 1823 1482 1862 FECtT
1512 1851 1521 1861 .

335 1938 502 1981 Tacitus
532 1938 681 1980 Annal.
720 1936 790 1980 lib.
817 1935 914 1978 XV.
950 1948 983 1975 c.
1020 1935 1073 1985 46
1113 1943 1247 1973 narrat
1284 1934 1461 1975 Neronis
1521 1943 1714 1988 tempore

335 1997 467 2038 classis
502 1996 737 2038 Misenensis
771 2006 928 2052 partem
961 2002 1199 2046 tempestate
1226 1990 1479 2033 submersam
1509 1991 1621 2031 hisee
1662 1990 1722 2031 lo·

336 2056 419 2096 cis:
460 2056 554 2096 hinc
589 2054 748 2106 scribit3
784 2052 874 2095 Sed
908 2060 1070 2093 certum
1111 2049 1168 2091 ad
1200 2048 1314 2089 diem
1335 2050 1377 2089 in
1420 2048 1721 2104 Campaniam

338 2113 480 2154 redire
504 2115 693 2154 classem
724 2111 848 2153 Nero
888 2110 1072 2150 iusserat
1091 2138 1102 2157 ,
1135 2121 1219 2146 non
1252 2108 1455 2161 exceptis'
1472 2110 1608 2147 maris
1637 2120 1719 2146 ca-

338 2171 465 2212 sibus.
505 2171 628 2228 Ergo
661 2172 973 2228 guhernatores
1003 2165 1208 2224 quamvis
1243 2167 1466 2206 saeviente
1500 2164 1668 2221 pelago
1691 2179 1719 2204 a

341 2228 534 2271 Formiis
570 2243 773 2272 movere:
805 2237 845 2271 et
881 2230 1011 2284 gravi
1042 2224 1224 2281 Africo,¹
1245 2222 1345 2264 dum
1360 2223 1716 2278 promontorium
