1920 2579
1478 105 1557 149 153

175 160 360 206 Motibus
395 158 542 201 Siculis
575 161 679 200 inter
699 157 927 200 Henricum
961 159 1033 201 IV.
1069 160 1361 216 Imperatorem
1382 189 1394 212 ‚
1420 162 1551 205 etRe-

171 237 264 278 gem
301 217 559 274 Tangredum
592 217 643 258 de
672 217 747 258 hac
777 219 856 273 agit
890 217 1034 258 insula.
1066 218 1145 259 Hic
1182 217 1289 258 enim
1310 228 1451 260 auctor
1472 223 1550 265 Me.

171 279 326 335 gariam
357 276 575 318 Salvatoris
606 277 784 316 insulam
815 276 1002 332 appellat.
1037 276 1099 317 Ex
1122 276 1310 319 Falconii
1342 277 1464 319 etiam
1484 280 1551 323 Be.

172 335 395 378 neventani
426 335 594 376 historia
643 345 797 375 exarata
831 345 923 375 ante
968 334 1185 375 Ebulensis
1220 344 1361 389 poetae
1406 350 1552 383 aevum

172 395 402 451 Megariam
432 407 529 434 cum
559 392 710 434 Neside
745 392 821 433 sub
855 392 1073 434 salvatoris
1124 394 1290 434 nomine
1339 397 1551 442 confusam

171 453 297 495 fuisse
331 451 541 509 probatur.
559 451 669 492 Hinc
688 450 845 506 Rogerii
866 450 987 504 Regis.
1016 451 1233 507 Neapolim
1250 453 1549 508 triumphalem

173 512 406 566 ingressum
438 524 546 550 anno
582 509 754 551 MCXL.
787 509 1017 550 describens
1038 510 1094 549 sic
1130 520 1293 550 narrat:
1328 511 1434 553 Inde
1470 529 1551 556 na„

175 570 294 626 vigio
325 577 484 623 parato
506 599 517 617 ‚
550 567 608 608 ad
635 569 860 609 castellam
875 571 915 608 S.
946 567 1190 608 Salvator-is
1211 569 1374 611 civitati
1396 576 1547 624 proxi.

176 643 295 668 mum
315 626 550 677 adscendit,
585 636 625 667 et
662 626 822 668 civibus
857 625 1165 680 ZVeapolitam‘s
1196 627 1252 668 ibt
1274 630 1549 681 vocatis,·ne.

172 690 296 743 gotia
329 685 547 741 quaedam
579 700 677 727 cum
718 685 803 725 illis
838 685 893 725 de
930 685 1124 724 libertate
1159 687 1547 750 civitatis(nempe

173 742 467 799 Neapolitanae
500 743 515 799 )
566 754 605 785 et
640 743 814 784 utilitate
848 743 1062 784 tractavit.
1099 742 1161 783 Ex
1216 745 1328 785 Actis
1380 762 1547 806 quoque

170 802 244 844 SS.
278 802 478 853 Maximi,
534 812 572 841 et
618 800 760 842 Iuliani
811 816 918 841 a-nno
963 799 1175 841 MCCVH.
1225 803 1547 856 isthaec'insula

174 860 394 902 Salvatoris
424 859 660 916 appellatur.
697 860 883 915 Sequiori
916 873 1010 900 vero
1027 872 1123 898 aevo
1155 869 1240 901 tam
1254 860 1400 914 Nesis,
1422 880 1546 920 quam

173 918 353 974 Megaria
386 917 462 959 sub
496 918 638 960 eodem
669 920 835 958 nomine
866 916 1059 958 salutatae
1089 916 1240 968 fuere;
1291 919 1385 961 hinc
1429 925 1545 971 Nesis

175 986 320 1032 utpote
351 976 524 1031 Megaria
559 978 689 1017 maior
709 1007 719 1026 ‚
751 977 902 1017 Maior
934 976 1108 1025 insula,
1157 985 1202 1016 ut
1227 988 1354 1031 patet
1387 996 1435 1022 ex
1480 986 1543 1029 Di.

171 1034 421 1094 plomatibus
453 1034 651 1078 Ecclesiae
683 1035 721 1076 S.
752 1033 1005 1084 sebastiani,
1030 1049 1133 1088 quae
1165 1033 1397 1078 afferuntur
1426 1055 1447 1081 a
1467 1045 1544 1084 Ca-

170 1094 286 1151 pacio
318 1093 388 1136 lib.
419 1093 471 1134 ΙΙ.
505 1095 609 1134 Hist.
642 1091 810 1148 Neapol.
841 1103 881 1133 et
901 1092 1077 1146 Megaria
1097 1094 1226 1133 insula
1242 1095 1368 1136 minor
1391 1097 1434 1138 S.
1455 1103 1545 1145 Sal.

166 1156 313 1194 autoris
344 1152 422 1192 fuit
458 1161 600 1192 vocata
626 1182 638 1201 ‚
669 1165 772 1206 quae
808 1151 862 1190 sic
894 1148 1000 1190 dicta
1039 1165 1111 1206 per
1143 1166 1187 1191 ea
1235 1161 1421 1208 tempora
1467 1160 1545 1205 fuit

171 1220 356 1267 respectu
389 1208 566 1251 Nesidis.
600 1210 656 1251 At
688 1208 891 1249 undenam
929 1208 1125 1263 Megariae
1147 1210 1299 1249 insulae
1333 1211 1547 1262 Salvatorig

171 1282 323 1309 nomen
354 1266 536 1308 datum?
583 1281 745 1309 causam
776 1267 894 1308 affert
927 1266 1101 1319 Falsus,
1131 1268 1202 1324 qui
1248 1269 1369 1311 tradit
1416 1274 1456 1316 in
1503 1296 1546 1320 ca

175 1327 308 1367 insula
341 1326 560 1367 Salvatoris
597 1324 822 1366 aediculam
868 1324 1019 1379 fuisse,
1052 1325 1162 1367 unde
1193 1327 1349 1369 insulae
1395 1347 1542 1380 nomen

173 1384 426 1440 impositum.

292 1441 416 1482 Haud
447 1441 591 1498 procul
640 1440 690 1482 ab
725 1440 900 1496 Megaria
935 1440 1064 1482 insula
1110 1441 1223 1483 locus
1254 1443 1366 1486 adest
1416 1464 1544 1510 prope

167 1513 311 1550 mare3
343 1501 456 1555 isque
486 1500 524 1540 in
565 1499 683 1553 Plaga
719 1499 957 1557 Olympica,
990 1499 1033 1540 in
1064 1502 1378 1556 praesentiarum
1412 1507 1546 1555 dictus

167 1558 212 1598 S.
249 1557 476 1598 Leonardo
518 1573 539 1598 e
571 1558 732 1612 regione
763 1558 966 1600 Ecclesiae
995 1558 1034 1599 S.
1071 1558 1258 1615 losephi,
1278 1560 1330 1602 ab
1361 1566 1543 1613 aedicula

169 1615 266 1655 olim
301 1615 431 1657 eidem
464 1615 572 1656 Divo
608 1617 750 1656 dicata.
783 1616 907 1656 Hunc
956 1617 1093 1658 locum
1149 1618 1330 1660 creditur
1377 1638 1542 1678 parvam

165 1673 288 1715 fuisse
319 1674 489 1715 insulam
510 1705 525 1724 ,
563 1685 609 1714 ut
641 1673 776 1730 plures
809 1675 928 1715 etiam
963 1690 984 1716 e
1017 1675 1160 1717 nostris
1196 1677 1461 1733 scriptoribus
1480 1702 1538 1730 ar„

166 1731 404 1774 bitrantur:
441 1732 545 1773 inter
571 1733 668 1774 alios
701 1733 875 1774 Celanus
895 1763 907 1785 ,
955 1733 1106 1776 Giorn.
1139 1734 1214 1775 IX.
1266 1747 1306 1777 et
1339 1739 1538 1788 Galianus

167 1790 333 1833 Dissert.
368 1791 454 1832 MS.
496 1789 560 1830 del
592 1793 736 1833 Castro
771 1791 1015 1833 Lucullano.
1063 1792 1193 1848 quue
1246 1795 1442 1852 colligunt
1496 1820 1543 1846 ex

168 1849 335 1890 vetustis
366 1848 571 1890 nonnullis
607 1849 815 1905 scripturis
840 1879 853 1898 ‚
884 1850 924 1889 in
961 1848 1111 1906 quibus
1142 1850 1318 1906 legitur:
1352 1856 1541 1904 Ecclesia

167 1906 210 1947 S.
246 1906 472 1948 Leonardi
500 1907 562 1949 acl
592 1909 779 1949 insulam
800 1926 812 1947 :
850 1922 977 1962 eaque
1015 1908 1133 1949 etiam
1170 1920 1229 1951 est
1260 1911 1536 1967 plurimorum

166 1963 301 2005 adhuc
343 1975 480 2006 nostro
527 1975 710 2020 tempore
750 1965 1117 2022 Neapolitanorum
1157 1968 1335 2013 traditio.
1383 1973 1539 2022 Eadem

171 2022 354 2064 fortassis
387 2038 468 2064 esse
503 2025 638 2078 potuit
667 2024 823 2065 Insula
869 2025 1024 2066 Minor
1057 2040 1176 2081 supra
1208 2042 1445 2078 memorata.

206 2094 209 2095 ’
284 2081 415 2137 Prope
452 2081 555 2123 hanc
588 2083 663 2123 alia
696 2097 815 2139 parva
841 2113 854 2133 ‚
888 2085 950 2125 vel
981 2083 1116 2141 potius
1150 2086 1338 2143 scopulus
1366 2090 1456 2138 fuit,
1479 2094 1546 2153 ΙΙ).

168 2152 260 2179 sum
296 2141 404 2180 enim
439 2141 611 2182 extitisse
653 2140 831 2182 creditur
864 2142 969 2184 inter
999 2142 1285 2200 Neapolitanas
1323 2150 1476 2204 moles,
1498 2166 1537 2196 et

168 2196 309 2236 navale
339 2199 699 2240 armamentarium
720 2231 730 2251 ,
750 2198 873 2254 vulgo
904 2201 1140 2255 Dans-ena,
1173 2213 1213 2244 et
1250 2204 1360 2248 haud
1394 2215 1536 2264 procul

168 2253 207 2293 S.
242 2254 444 2298 vincentii
477 2256 619 2300 Turre·
656 2257 933 2313 lastinianus,
966 2260 1123 2303 Dizion.
1166 2259 1230 2304 del
1265 2262 1439 2323 Regno,
1475 2286 1536 2313 ar.

1092 2321 1107 2336 Α·
