1920 2579
1411 69 1456 111 15

107 133 213 175 hanc
247 144 392 174 novam
428 125 627 187 plantasse
659 123 873 177 arborem,
921 126 1155 184 praesertim
1194 125 1235 166 in
1268 125 1358 168 villa
1390 86 1496 170 Pau9-

106 192 287 248 silypana
327 200 526 231 terrarum
558 186 665 228 orbis
696 183 847 241 angulo
884 185 1130 228 feracissimo
1152 215 1165 235 ‚
1195 185 1306 228 unde
1339 185 1391 228 ad
1422 202 1497 230 nos

110 264 241 306 usque
272 249 467 304 pervenit.

228 309 370 364 Usque
408 306 536 348 modo
569 302 732 346 Luculli
767 301 877 343 villas
912 302 1258 356 memoravimus,
1278 316 1359 344 nna
1382 320 1488 362 quae

110 365 321 424 Neapoli,
357 364 458 405 duas
491 364 587 405 alias
618 376 721 419 quae
756 376 877 416 super
909 364 1135 404 Misenense
1177 364 1345 405 aderant
1396 380 1490 420 pro-

107 425 360 467 montorium
381 454 393 473 ,
428 422 553 479 idque
586 420 854 478 probavimus
887 432 1069 462 veterum
1090 423 1336 481 scriptorum
1360 422 1487 465 Grae-

108 498 252 525 corum
278 513 291 532 ,
327 492 366 522 et
399 482 682 524 Romanorum
715 480 972 524 testimoniis.
1007 480 1148 522 Paucis
1196 496 1292 522 reso
1340 481 1490 524 abhinc

109 545 222 583 annis
255 539 393 581 Italico
426 554 614 581 sermone
647 538 929 580 elucubratam
954 539 1277 582 dissertationem
1314 541 1400 581 MS.
1433 542 1498 585 Cl.

108 599 200 642 Viri
236 598 482 641 Ferdinandi
516 597 678 640 Galiani
709 612 777 639 me
805 598 949 652 legisse
983 598 1181 650 memini,
1211 599 1250 639 in
1288 613 1367 656 qua
1418 615 1503 642 non

109 658 311 701 inerudite
348 656 491 714 probat
528 667 691 708 auctor,
712 655 936 699 Lucullum
977 672 1101 699 unam
1134 657 1318 699 habuisse
1352 659 1501 709 villam,

110 731 280 774 eamque
331 716 441 774 apud
489 717 602 757 Baias
649 725 808 757 tantum
864 716 1072 757 extitisse:
1117 717 1504 776 alteramvNeapoli

109 787 253 832 negat:
279 785 318 816 et
350 791 397 817 ex
426 774 556 816 allatis
584 785 676 815 ante
707 775 954 830 scriptorum
989 775 1300 817 auctoritatibus
1334 778 1425 819 satis
1455 777 1504 819 li-

114 845 229 892 quet,
251 834 474 877 Lucullum
491 834 612 875 etiam
629 833 765 875 villam
788 833 900 881 iuxta
920 832 1138 891 Neapolim
1161 835 1201 876 in
1221 837 1498 894 Pausilypano

112 903 256 935 monte
287 893 483 934 habuisse.
520 893 650 935 Miror
681 892 847 933 interim
880 893 990 934 hunc
1022 893 1189 935 doctum
1222 893 1370 936 Virum
1417 911 1492 938 no-

114 967 206 993 vam
246 951 357 1007 apud
386 952 500 992 Baias
534 952 725 1005 reperisse
763 949 939 1004 urbem,
974 952 1226 1010 eandemque
1257 953 1495 1009 Neapolim

112 1009 356 1066 appellatam
388 1011 527 1053 credit.
560 1011 639 1052 Hic
670 1019 806 1051 autem
841 1024 888 1051 ex
917 1011 1101 1067 quodam
1119 1012 1328 1053 Strabonis
1348 1012 1416 1056 lib.
1435 1017 1496 1057 V.

112 1071 259 1123 Geogr.
298 1077 409 1109 textu
455 1070 548 1110 satis
595 1079 794 1122 corrupto
843 1068 949 1109 hanc
981 1069 1126 1110 urbem
1168 1071 1282 1111 Baias
1331 1086 1458 1127 prope
1478 1105 1495 1124 ,v

113 1137 153 1168 et
184 1128 287 1182 ipsas
319 1126 432 1167 Baias
462 1126 632 1167 eandem
664 1140 815 1169 novam
851 1125 995 1167 urbem
1030 1127 1154 1169 fuisse
1191 1128 1366 1184 probare
1403 1132 1497 1172 niti-

112 1195 192 1226 tur.
224 1185 340 1227 Alios
371 1184 487 1226 affert
518 1185 699 1227 Graecos
763 1184 1019 1229 diversorum
1068 1187 1314 1242 scriptorum
1360 1198 1491 1231 textus

111 1241 298 1285 laudatus
333 1242 556 1294 Galianus,
590 1254 631 1284 et
666 1242 908 1299 praesertim
943 1242 1087 1284 Dionis
1132 1244 1208 1296 lib,
1231 1246 1392 1288 LVIII.
1444 1263 1491 1289 ex

114 1301 263 1358 quibus
294 1301 475 1358 probat,
508 1316 595 1343 eam
627 1301 773 1343 urbem
805 1316 956 1344 novam
988 1302 1163 1344 extitisse
1194 1304 1306 1360 apud
1345 1304 1496 1356 Baias3

114 1359 185 1402 sed
217 1360 317 1400 nihil
347 1360 437 1400 heic
467 1359 518 1401 ad
535 1370 715 1401 nostram
736 1360 890 1402 faciunt
907 1368 993 1401 rem
1015 1378 1033 1410 ,1
1052 1363 1237 1416 quamvis
1255 1378 1348 1404 vero
1366 1363 1492 1406 iidem

114 1426 268 1462 veteres
297 1427 480 1460 auctores
497 1418 603 1459 hanc
632 1431 779 1461 novam
800 1418 945 1460 urbem
959 1419 1000 1459 in
1022 1419 1172 1461 Baiano
1209 1420 1298 1462 sinu
1322 1431 1495 1477 ponant:

114 1479 192 1517 Per
231 1476 399 1518 eandem
431 1475 532 1517 nihil
562 1475 671 1516 aliud·
700 1476 923 1532 significare
942 1477 1188 1530 voluerunt,
1239 1494 1364 1535 quam
1383 1480 1489 1536 ipsas

113 1533 245 1587 Baias,
260 1549 341 1576 non
363 1534 562 1575 uturbem
586 1548 731 1575 novam
750 1535 840 1572 Νέαν
880 1534 996 1571 Hom
1014 1567 1025 1587 ‚
1063 1536 1132 1576 sed
1153 1546 1196 1577 ut
1215 1538 1493 1593 plurimorum

113 1590 389 1634 aedificiorum
423 1592 688 1648 frequentiam
718 1593 997 1635 Romanorum
1018 1608 1129 1635 aevo:
1157 1605 1196 1635 et
1227 1610 1268 1637 re
1284 1611 1376 1637 sane
1395 1611 1491 1641 vera

114 1651 214 1692 haee
246 1666 349 1693 nova
384 1650 478 1692 urbs
512 1666 670 1708 semper
702 1652 895 1694 Baiarum
932 1652 1098 1693 nomine
1139 1653 1217 1695 fuit
1252 1667 1485 1711 nuncupata

115 1709 165 1750 ab
209 1709 293 1751 aliis
330 1710 608 1765 cuiuscunque
637 1711 777 1752 aetatis
813 1709 1108 1767 scriptoribus,
1153 1712 1223 1768 qui
1273 1727 1492 1768 nunquam

116 1768 208 1805 Νέαν
237 1767 339 1803 πολίν
385 1768 552 1818 dixere,
588 1777 746 1824 praeter
778 1784 907 1810 unum
939 1769 1050 1810 citati
1084 1770 1307 1821 Strabonis,
1331 1772 1494 1813 Dionis-

119 1840 199 1881 que
251 1825 530 1867 testimonium
551 1856 562 1878 ‚
591 1827 662 1882 qui
695 1826 779 1870 aliis
810 1827 910 1867 locis
939 1827 1054 1868 Baias
1086 1843 1243 1883 semper
1277 1828 1424 1870 dixere.
1444 1831 1494 1873 It}

122 1884 182 1925 Cl.
217 1882 376 1924 Galiani
410 1884 649 1924 sententiam
686 1886 757 1928 ivit
788 1899 954 1942 quoque
974 1884 1247 1931 Martorellius
1266 1918 1278 1937 ,
1300 1888 1370 1944 qui
1386 1889 1492 1930 The-

121 1958 166 1983 ca
201 1939 354 1982 Galam.
388 1952 487 1986 tom.
523 1942 576 1985 ΙΙ.
613 1958 701 1999 pag.
737 1943 821 1996 589
855 1942 1025 1984 eandem
1043 1944 1489 2002 sequituropinionem:

121 2001 162 2041 hi
199 1998 282 2040 duo
318 2001 531 2055 scriptores
570 2015 592 2041 a
630 2016 794 2043 summo
827 2003 933 2044 Viro
966 2002 1239 2057 PellegrinIO,
1287 2006 1502 2059 Apparato

123 2069 197 2100 eet.
231 2059 345 2098 Disc.
376 2058 428 2100 ΙΙ.
463 2059 567 2099 hanc
604 2063 890 2101 auctoritatem
923 2059 1176 2112 hauserunt,
1208 2062 1281 2118 qui
1311 2063 1368 2103 sic
1399 2065 1493 2106 scri-

122 2115 217 2157 bit:
252 2114 424 2158 'Avendo
461 2122 546 2173 egli
572 2126 715 2174 troppo
747 2120 1124 2163 sconvenevolmente
1163 2136 1328 2178 appreso
1351 2151 1363 2170 ,
1399 2137 1478 2165 non

120 2191 198 2230 per
232 2177 512 2218 avutabuona
554 2184 702 2219 notizia
734 2178 778 2219 di
810 2182 937 2234 questi
978 2180 1135 2235 luoghi‚
1176 2182 1254 2222 che
1290 2183 1330 2222 la
1367 2197 1501 2224 nuova

125 2235 227 2277 cittlz
258 2249 283 2274 a
319 2236 437 2279 Bauli
473 2236 596 2280 vicina
633 2253 700 2280 era
735 2235 923 2296 Napoli,
954 2240 994 2281 la
1031 2239 1150 2296 quale
1180 2254 1292 2284 come
1327 2246 1361 2283 si
1396 2245 1494 2284 ἑνε-
