1920 2579
335 179 501 227 tiones,
535 185 716 231 cantus,
746 177 1034 233 symphonias
1054 210 1069 231 ,
1105 179 1284 238 navigia
1314 178 1490 222 iactant.
1541 181 1594 224 Et
1644 186 1711 227 Se-

333 251 428 278 neca
459 235 510 277 ad
545 236 749 277 Lucilium
782 237 957 280 scribens
990 237 1059 278 lib.
1091 237 1186 282 VlI.
1221 254 1282 295 ep.
1316 237 1384 279 LI.
1417 238 1527 281 Non
1548 251 1710 284 tantum

331 299 535 350 corpori„
565 295 648 336 sed
677 295 807 338 etiam
846 296 1034 339 moribus
1081 297 1297 339 salubrem
1349 297 1496 338 locum
1549 301 1710 357 eligere

329 351 543 394 debemus.
584 352 964 409 Quemadmodum
994 356 1105 396 inter
1136 364 1318 397 tortores
1358 355 1578 398 habitasse
1628 373 1709 399 no-

330 410 405 451 lim
426 443 440 462 ,
476 411 540 452 sic
572 426 654 454 nec
681 412 796 456 irzter
819 416 1011 470 popinas
1043 412 1228 470 quidem.
1268 411 1434 454 Videre
1466 415 1608 457 ebrios
1623 432 1708 472 per

333 469 456 510 litora
487 480 713 524 errantes,
748 481 788 513 et
818 473 1155 514 comessationes
1187 471 1487 528 navigantium
1520 483 1560 514 et
1589 488 1715 530 sym-

333 527 597 582 phoniarum
630 530 824 573 cantibus
849 538 1170 587 perstrepentes
1199 531 1351 580 lacus,
1385 538 1425 570 et
1456 532 1573 585 alia,
1605 548 1716 590 qaae

347 587 459 629 velut
487 588 629 629 solata
661 589 823 646 legibus
854 589 1061 640 luxuria,
1096 601 1179 628 non
1210 597 1372 629 tantum
1398 599 1586 641 peccat,
1639 589 1721 632 sed

313 649 509 705 publicat
525 677 538 697 ,
574 645 678 703 quid
705 662 886 689 necesse
917 649 1014 689 est?
1044 645 1092 687 id
1121 659 1256 703 agere
1288 645 1532 700 debemus,
1564 659 1611 691 ut
1659 651 1715 691 ir-

317 708 547 749 ritamenta
577 705 780 746 viciorum
798 736 813 756 ‚
850 719 983 763 qaam
1016 703 1272 760 longissime
1284 704 1615 758 profugiamus.
1642 709 1716 749 Itz-

321 763 545 807 darandas
577 771 641 805 est
667 762 842 819 animas
862 794 875 814 ,
908 773 948 805 et
998 777 1026 804 a
1078 760 1390 804 blandimentis
1441 764 1705 818 voluptatum

313 823 477 880 procul
505 821 831 863 abstrahendus.
864 820 927 863 Ex
959 836 1040 878 qna
1072 819 1244 878 quidem
1279 820 1457 876 pulchra
1474 821 1704 879 philosophi

319 881 589 937 descriptione
622 879 739 932 vide,
772 895 921 936 quaeso
943 912 956 930 ,
994 889 1100 936 quot
1147 877 1278 930 vitia,
1331 887 1440 934 quot
1490 878 1709 924 libidinum

319 954 461 994 genera
482 970 494 989 ,
528 948 629 995 quot
658 937 864 980 illecebrae
896 939 1004 980 hisce
1036 939 1078 979 in
1125 934 1223 978 locis
1268 936 1489 993 quondam
1540 939 1715 984 fuerint.

321 999 412 1040 Iure
445 999 592 1040 merito
622 997 673 1039 ab
706 996 850 1042 iisdem
900 998 1087 1040 animum
1135 993 1424 1053 voluptatibus
1476 995 1709 1041 abstrahere

332 1067 518 1098 conatur.

437 1113 587 1155 Nullus
621 1112 808 1169 profecto
842 1114 919 1155 fuit
950 1113 1023 1171 qui
1056 1113 1099 1155 in
1131 1110 1231 1155 hae'c
1263 1111 1488 1154 adveniens
1519 1112 1606 1156 loca
1629 1145 1642 1165 ,
1672 1128 1715 1155 a-

321 1173 484 1214 nimum
516 1171 566 1213 ab
595 1170 792 1212 illecebris
821 1187 988 1214 avocare
1020 1182 1168 1228 posset.
1208 1171 1319 1212 Hine
1351 1172 1536 1226 putarim
1574 1173 1714 1229 ipsum

326 1230 527 1273 Catonem
560 1234 695 1273 virum
727 1239 812 1272 tam
845 1244 1030 1272 severum
1065 1229 1177 1271 haud
1209 1243 1329 1285 posse
1359 1228 1540 1284 seipsum
1587 1232 1716 1272 conti-

323 1303 432 1331 nere.
480 1291 588 1334 Hinc
619 1287 721 1344 quid
753 1290 874 1331 etiam
906 1288 1060 1330 mirum
1091 1288 1122 1330 si
1155 1287 1300 1330 Florus
1330 1285 1401 1329 lib.
1435 1287 1492 1330 II.
1526 1302 1560 1329 c.
1582 1287 1609 1329 6
1636 1303 1727 1331 nar-

325 1362 386 1392 rat
416 1364 610 1407 magnum
640 1347 915 1389 Hannibalem
950 1346 1084 1387 Italiae
1115 1345 1365 1388 domitorem
1400 1345 1601 1389 invictum
1645 1347 1718 1389 Al-

324 1410 444 1465 pibus
467 1440 480 1463 ,
515 1406 765 1448 indomitum
794 1407 948 1454 armis,
983 1404 1199 1445 subactum
1232 1403 1353 1444 fuisse
1402 1417 1424 1443 a
1477 1404 1715 1459 tepentibus

324 1470 487 1511 Baianis
521 1464 703 1507 fontibus
723 1473 746 1507 Ξ·
768 1463 993 1522 Siquidem
1023 1463 1227 1505 invictam
1260 1460 1446 1517 Alpibus
1467 1491 1478 1513 ,
1528 1461 1718 1505 indomi-

327 1538 417 1568 tum
449 1529 582 1567 armis
603 1554 616 1574 ,
658 1523 928 1576 Campaniae
950 1552 963 1572 ,
999 1521 1095 1579 qais
1127 1520 1366 1563 crederet?
1397 1519 1517 1561 soles
1537 1552 1548 1571 ,
1582 1530 1622 1560 et
1653 1531 1742 1580 teg:

324 1595 479 1640 pentes
499 1583 697 1635 fontibus
728 1582 868 1623 Baiae
899 1581 1168 1636 subegerunt.
1203 1578 1412 1620 Tantaene
1444 1578 1624 1619 hislocis
1646 1566 1715 1619 (Γέ-

328 1643 470 1685 kiciae!
508 1651 721 1682 tantumne
754 1639 950 1681 vitiorum
979 1637 1286 1679 diversorium?
1327 1636 1447 1680 Haec,
1486 1633 1600 1681 Flori
1663 1636 1723 1678 di-

330 1700 448 1743 cendi
482 1701 582 1741 ratio
617 1699 819 1753 poeticam
853 1698 988 1752 potius
1021 1695 1288 1750 elegantiam,
1320 1709 1447 1749 quam
1479 1691 1718 1736 historicam

332 1758 459 1801 fidem
492 1754 718 1814 praesefert.
752 1755 865 1796 Intra
896 1754 1063 1811 Capuae
1096 1767 1237 1794 muros
1270 1751 1557 1800 hibernaverat
1605 1752 1720 1794 Han-

337 1817 484 1859 nibalis
515 1813 740 1857 exercitus:
773 1812 830 1854 ibi
863 1814 972 1854 enim
1007 1810 1154 1854 milites
1187 1824 1380 1867 magnam
1399 1809 1545 1851 hiemis
1564 1821 1723 1866 partem

339 1876 378 1916 in
413 1877 539 1923 vino,
573 1873 733 1929 epulis,
764 1881 887 1928 atque
915 1871 1068 1912 balneis
1100 1870 1205 1911 inter
1237 1867 1469 1928 prostibula
1517 1879 1724 1924 transege-

339 1944 469 1985 runt,
518 1932 623 1972 inter
673 1930 867 1973 Aliearias
920 1927 1236 1981 meretriculas,
1282 1928 1390 1969 inter
1435 1928 1724 1982 unguentarios

348 1992 614 2045 negotiatores
646 1989 850 2045 Seplasio‚
883 1998 1005 2045 atque
1036 1987 1078 2028 in
1126 1986 1290 2029 Albano
1344 1985 1436 2026 foro
1474 1987 1586 2032 sitos.
1633 1983 1723 2026 Hae

350 2049 517 2104 quidem
552 2063 611 2089 res
644 2047 730 2088 illos
764 2044 1029 2102 perdiderunt
1049 2075 1062 2095 ,
1113 2058 1328 2088 non2vero
1361 2042 1609 2101 Campaniae
1668 2058 1730 2088 so-

350 2107 406 2148 les
428 2138 439 2157 ‚
475 2122 520 2147 ac
551 2116 733 2161 tepentes
761 2104 946 2146 fontibus
980 2103 1103 2147 Baiae
1122 2133 1137 2153 ,
1156 2118 1280 2160 equae
1314 2103 1356 2147 in
1391 2100 1614 2157 Campania
1637 2100 1723 2148 sne-

357 2176 454 2206 runt
486 2165 706 2221 profecto,
734 2163 807 2204 sed
842 2164 960 2218 longe
995 2179 1025 2204 a>
1044 2159 1397 2216 Capua.;Heic·-ad
1418 2158 1730 2216 exprimendam

352 2222 542 2264 Baiarum
578 2222 897 2272 amoenitatem,
927 2231 967 2262 et
1002 2216 1209 2265 illecebras
1239 2217 1588 2274 historiographus
1622 2217 1721 2265 haec

356 2282 528 2340 scripsit.
564 2282 702 2323 Livius
740 2281 851 2323 enim.
880 2278 986 2323 clare
1021 2279 1091 2333 ΠΙ),
1122 2277 1284 2324 xxm.
1327 2291 1362 2320 c.
1412 2278 1438 2321 8
1498 2274 1684 2335 Capuam
1704 2307 1725 2335 ,A
