1920 2579
211 176 346 241 piebEt
377 192 396 220 a
430 179 592 234 Capena
625 181 771 230 porta,
802 185 907 228 quae
938 165 1159 211 hodiedum
1191 167 1346 209 Romae
1368 162 1577 206 dictitatur

206 252 326 298 porta
361 241 402 281 di
432 238 475 278 S·
514 235 764 276 Sebastiano.
800 230 863 272 Eo
892 231 984 272 10οο
1018 225 1235 282 incipiebat
1284 224 1454 266 milliare
1500 223 1580 279 pri-

214 314 327 340 mum
345 329 358 347 ‚
389 293 503 350 quod
535 294 720 336 Aureum
753 289 830 331 suit
860 288 1122 345 appellatum.
1146 284 1214 326 Ab
1233 284 1423 325 hocloco
1442 284 1579 323 Brun-

213 356 378 397 dusium
414 367 540 409 usque
573 352 670 392 olim
703 363 824 404 super
855 349 960 390 hanc
996 346 1098 385 viam
1132 343 1281 400 passim
1314 340 1366 382 ab
1403 351 1582 396 utroque

211 415 337 459 latere
367 409 637 465 adsurgebant
668 407 827 465 publica
846 439 861 459 ,
897 417 937 447 et
969 404 1123 460 privata
1154 399 1347 442 aedificia.
1516 406 1518 408 ’

329 469 534 514 Pratillius
568 468 720 510 librum
755 463 1011 508 elucubravit
1026 464 1075 504 de
1110 460 1252 517 Appia
1290 458 1405 507 Via,
1439 459 1480 499 in
1498 471 1581 512 quo

210 530 332 571 affert
368 527 528 571 infinita
574 535 840 568 monumenta
862 555 874 576 ‚
924 537 1030 580 quae
1061 518 1160 563 olim
1193 528 1308 560 erant
1347 532 1468 575 super
1499 516 1579 571 Ap·
1611 533 1613 535 ·

213 588 322 645 piam
350 590 459 629 viam
493 584 684 642 dispersa.
715 586 807 625 Hoc
840 597 972 623 unum
1007 576 1245 621 addendum
1270 586 1425 628 restat,
1458 585 1503 615 ut
1534 572 1585 613 de

212 647 331 687 tantis
354 678 369 697 ,
406 660 453 686 ac
485 643 699 700 praeclaris
732 640 1042 691 monumentis,
1077 637 1179 677 nihil
1211 634 1323 677 aliud
1354 649 1463 676 nunc
1483 642 1584 673 tem—

216 705 325 761 poris
356 703 553 759 supersit,
589 716 713 757 quam
748 702 789 741 in
822 698 1071 754 quibusdam
1100 696 1201 736 locis
1230 709 1361 751 pauca
1394 691 1556 745 vestigia
1576 721 1587 742 7

216 773 256 802 et
290 773 335 802 ut
366 762 419 802 ita
453 759 584 802 dicam
607 790 619 808 ‚
650 758 715 798 vix
748 758 905 813 Appiae
936 770 1085 797 nomen
1115 753 1169 793 ad
1186 763 1370 808 posteros
1401 749 1586 807 pervasit:

217 830 277 861 tot
312 819 419 860 enim
454 818 606 858 saecula
626 850 640 871 ,
672 814 980 869 hominumque
1009 811 1280 855 barbarorum
1302 809 1496 851 colluvies
1510 807 1590 847 Ita-

217 877 310 918 liam
343 892 362 916 a
395 874 674 916 fundamentis
706 873 977 914 evertentium
997 901 1012 920 ,
1042 868 1150 910 coeli
1173 866 1589 923 aerisqueinclemen·

212 934 285 984 tia,
321 943 380 973 tot
410 932 518 971 bella
539 961 552 980 ,
586 930 839 984 caedesque,
887 935 1155 968 terraemotus
1176 956 1191 974 ‚
1225 935 1350 979 atque
1386 925 1591 967 humanae

210 988 508 1032 vicissitudines
524 987 712 1029 locorum
749 985 893 1026 faciem
925 984 1087 1040 penitus
1107 982 1207 1024 adeo
1226 982 1481 1024 inverterunt
1500 1011 1514 1031 ,
1548 990 1594 1020 ut

212 1049 276 1090 de
307 1048 462 1104 Appiae
493 1045 698 1086 maiestate
729 1041 989 1102 lacrymabile
1019 1056 1171 1084 nomen
1202 1039 1255 1082 ad
1288 1054 1395 1082 seros
1427 1048 1594 1096 nepotes

214 1114 279 1154 vix
317 1104 572 1147 tradiderint.

331 1167 551 1220 Postquam
583 1160 634 1202 de
668 1161 803 1218 Appia
834 1160 896 1201 via
927 1159 1054 1204 verba
1085 1159 1291 1209 fecimus,
1320 1155 1373 1200 ad
1415 1155 1593 1212 singula-

213 1239 306 1266 rum
339 1238 447 1265 nunc
478 1220 727 1277 Campaniae
781 1219 947 1261 urbium
998 1218 1314 1271 descriptionem
1352 1213 1592 1258 accedamus

220 1292 394 1339 oportet.
427 1283 484 1324 At
516 1279 626 1321 iuvat
658 1279 749 1321 heic
780 1277 989 1320 advertere
1009 1309 1022 1329 ,
1066 1286 1252 1318 auctores
1302 1275 1491 1330 antiquos
1513 1302 1527 1324 ‚
1555 1280 1594 1312 et

223 1351 404 1385 recentes
455 1354 582 1397 pauca
612 1337 664 1379 de
698 1337 760 1379 his
793 1337 1014 1379 memoriae
1058 1333 1306 1393 prodidisse.
1354 1335 1443 1376 Nos
1473 1331 1595 1387 igitur

223 1399 361 1454 quoad
392 1400 432 1440 in
466 1398 582 1441 nobis
613 1396 690 1439 erit
722 1397 848 1439 situm
869 1427 884 1448 ,
918 1394 971 1436 de
1002 1395 1080 1436 illis
1112 1393 1329 1448 diligenter
1349 1423 1362 1445 ‚
1395 1391 1499 1432 duce
1531 1388 1594 1429 hi-

217 1458 341 1501 storia
364 1490 376 1508 ‚
408 1472 454 1498 ac
484 1458 640 1499 lumine
670 1470 799 1511 pauca
845 1453 1141 1510 appingemus,
1175 1467 1272 1493 cum
1311 1450 1400 1492 heic
1450 1448 1587 1508 potius

216 1516 380 1557 Daedali
416 1514 719 1574 Labyrinthum
753 1512 955 1568 ingredier
988 1510 1176 1553 fatemur.

332 1575 533 1618 Omnium
566 1574 750 1630 primum
783 1571 963 1614 occurrit
993 1570 1045 1612 ad
1075 1570 1244 1611 alteram
1276 1564 1476 1610 Vulturni
1509 1562 1666 1624 (Quom
1686 1567 1824 1603 canaan,

270 1747 274 1749 “
314 1731 373 1777 (ι)
400 1730 583 1774 Quoniam
610 1731 691 1765 heic
719 1730 893 1766 Vulturni
924 1732 1079 1766 occurrit
1106 1729 1266 1772 mentio,
1292 1728 1430 1777 aliquid
1457 1728 1501 1765 de
1519 1729 1588 1766 hoc

220 1779 334 1813 fluvio
360 1791 423 1826 pro
466 1790 501 1812 re
539 1786 620 1814 nata
662 1779 857 1827 appingere
895 1792 1000 1815 curae
1044 1780 1101 1816 sit.
1141 1779 1211 1813 Hic
1247 1792 1266 1813 a
1307 1778 1502 1814 Saufelicio
1545 1779 1589 1815 de

218 1827 364 1875 Origine
392 1827 519 1875 Carnp.
548 1839 626 1876 pag.
657 1828 677 1862 5
705 1830 886 1863 maximus
912 1831 1069 1863 omnium
1081 1829 1302 1875 fluviorum,
1322 1841 1341 1862 a
1367 1827 1507 1876 Polybii
1534 1828 1590 1864 in-

216 1884 370 1925 terpetre
396 1876 585 1912 Athamas
610 1877 661 1913 lib
687 1877 753 1913 ΙΙΙ.
783 1876 927 1913 dicitur.
956 1877 1118 1922 Quidam
1140 1883 1343 1922 autumant,
1362 1878 1590 1915 Vulturnum

217 1927 410 1962 divisorem
437 1925 660 1974 significare,
685 1928 822 1976 quippe
849 1927 949 1976 quod
975 1928 1188 1964 Samnitesa
1207 1928 1359 1977 Pelignis
1379 1954 1390 1973 ‚
1418 1934 1454 1964 et
1482 1928 1593 1965 Gam-

221 1978 325 2026 panis
351 1977 552 2024 seiungeret
579 1977 685 2024 agris.
714 1977 953 2025 Pellcgrinius
979 1979 1075 2014 Disc.
1101 1979 1137 2014 II
1163 1990 1181 2013 a
1208 1977 1383 2016 volvendo
1416 1977 1498 2015 vult
1537 1978 1591 2015 di-

229 2034 327 2083 etum
356 2027 402 2062 ob
429 2026 565 2069 varios,
591 2026 792 2076 dubiosque
818 2040 959 2065 cursus.
986 2028 1147 2065 Huiusce
1174 2022 1336 2065 fluminis
1363 2029 1479 2065 fontes
1506 2039 1592 2067 sunt

227 2090 262 2111 m
290 2076 437 2112 Samnio
466 2076 499 2111 in
528 2077 796 2114 Caracenorum
823 2078 982 2124 finibus,
1011 2088 1053 2114 ut
1079 2079 1190 2115 etiam
1225 2080 1350 2116 scribit
1377 2078 1593 2117 sanfelicius

227 2126 304 2162 1000
330 2127 454 2163 citato.
479 2124 549 2162 Per
574 2128 771 2164 Venafrum
799 2127 885 2163 hinc
912 2129 1098 2175 decurrit,
1126 2129 1238 2166 Alifas
1254 2157 1266 2173 ,
1291 2129 1494 2176 Telesiam,
1525 2130 1593 2167 Ca-

225 2175 359 2231 latiam,
387 2176 587 2213 Casilinum
617 2180 631 2224 (
658 2191 755 2214 nunc
782 2190 913 2214 novam
941 2180 1105 2230 Capuam
1134 2181 1150 2230 )
1177 2180 1281 2218 alluit
1301 2207 1314 2226 ,
1355 2186 1463 2229 atque
1505 2180 1593 2216 inde

226 2239 260 2260 111
288 2227 520 2276 Tyrrhenum
547 2241 583 2263 se
612 2238 782 2264 exonerat
819 2241 915 2265 mare
943 2232 979 2266 in
1020 2243 1060 2266 eo
1088 2231 1165 2268 loco
1184 2259 1194 2275 ,
1222 2231 1286 2280 qui
1328 2230 1488 2266 dicitur:
1517 2230 1593 2267 Ca-

227 2277 313 2312 stell?
328 2289 351 2313 a
365 2279 472 2315 Mare
481 2277 521 2314 di
537 2279 802 2331 Vollzcrno‚qui
815 2292 898 2319 saue
918 2293 1044 2321 cursus
1064 2292 1117 2320 est
1131 2282 1264 2319 LXXX
1277 2294 1389 2332 prope
1410 2279 1591 2320 milliaria.

1145 2334 1170 2358 a
