1920 2579
1528 105 1575 144 17

207 156 381 199 Orosius
413 156 481 199 lib.
516 154 608 198 Vll.
643 171 678 198 c.
701 156 726 206 4
759 155 872 197 hunc
904 163 1036 195 terrae
1072 161 1293 194 tremorem
1332 147 1381 189 ad
1414 157 1575 205 tempus

206 217 358 267 refert,
403 230 482 273 quo
515 214 704 255 Christus
738 212 942 256 Dominus
975 212 1101 254 Cruci
1133 209 1208 251 fuit
1247 206 1412 250 adfixus.
1452 209 1575 250 Hunc

209 276 336 316 alium
369 276 493 316 etiam
530 270 783 314 horrendum
818 270 980 312 nonnisi
997 271 1112 312 XIV.
1135 275 1227 326 post
1270 281 1394 307 annos
1427 267 1577 308 evenis-

208 349 248 375 se
281 348 353 389 per
382 330 594 373 historiam
636 331 829 372 certiores
861 328 957 372 facti
992 343 1132 370 sumus
1154 358 1166 377 ,
1199 326 1324 368 etiam
1352 325 1580 377 imperante

206 393 296 448 ipso
330 390 509 432 Tiberio.
544 389 758 437 Consulsis
780 386 963 430 eiusdem
983 387 1117 430 Taciti
1145 384 1384 428 scholiastes
1406 382 1580 437 inhunc

206 451 359 490 locum.
389 447 578 490 Tiberius
612 445 834 489 earundem
856 447 1020 488 urbium
1037 446 1241 487 funestam
1269 442 1485 485 miseratus
1517 458 1580 484 ca-

206 506 472 563 tastrophen,
506 521 646 548 rursus
694 521 760 548 eas
808 504 1054 549 aedificavit.
1088 504 1408 545 Puteolanorum
1454 500 1582 557 igitur

207 565 438 623 respublica
475 563 523 606 ad
548 565 653 621 gra-ti
688 565 814 607 animi
847 579 945 622 erga
980 565 1114 622 ipsum
1135 563 1428 618 Imperatorem
1461 560 1581 615 signi-

203 623 438 666 ficationem
463 655 473 672 ,
506 624 750 664 memoriam
785 623 892 665 hanc
943 639 1039 665 cum
1086 630 1219 661 statua
1255 617 1493 661 conlocavit
1540 618 1582 657 in

204 681 340 724 medio
375 681 485 723 urbis
515 682 617 723 foro.
641 681 749 723 Vide
780 682 1011 723 Bulifonem
1044 680 1086 721 in
1110 677 1462 728 Dissertationem7
1483 691 1587 733 quae

205 740 357 797 legitur
396 742 439 781 in
473 740 683 783 Thesauro
734 741 829 782 Ber.
868 739 986 781 Rom.
1033 737 1232 789 Graevii,
1285 745 1324 777 et
1370 734 1576 777 Gronovii

206 807 304 840 tom.
340 799 418 842 XI.

630 915 919 964 CAPU
959 913 1001 962 T
1076 904 1178 962 Ill.v

200 1042 272 1082 De
325 1042 462 1083 Portu
510 1043 775 1093 Puteolano,
813 1043 948 1096 deque
985 1042 1076 1083 eins
1111 1041 1274 1082 Pharo.
1314 1041 1583 1083 Describitur

262 1100 641 1155 Amphitheatrum
660 1133 674 1151 ,
721 1101 784 1141 uti
816 1109 967 1142 extat:
1009 1099 1063 1139 de
1097 1099 1141 1139 S.
1180 1099 1393 1140 Ianuario
1417 1131 1427 1150 ,
1459 1103 1587 1138 etSo-

259 1159 333 1199 ciis
368 1159 430 1199 ad
463 1161 621 1201 bestias
652 1160 877 1200 damnatis.
911 1159 982 1198 De
1027 1157 1124 1214 lege
1161 1158 1253 1198 lata
1299 1159 1351 1198 ab
1400 1162 1588 1214 Augusto

255 1216 306 1257 de
346 1217 538 1259 sedendo
575 1219 618 1259 in
655 1218 1005 1273 Amphitheatro.
1041 1217 1112 1257 De
1149 1216 1365 1266 leeatro,
1405 1215 1459 1256 (le
1497 1214 1588 1256 Cir-

256 1290 309 1316 co
329 1307 341 1325 ‚
372 1275 507 1334 deque
536 1275 761 1318 Ciceronis
793 1276 1048 1320 Puteolano.
1078 1274 1339 1332 Sepulcreta
1374 1275 1548 1316 tandem
1574 1304 1587 1323 ,

262 1344 302 1373 et
341 1333 457 1377 Viae
492 1344 649 1378 veteres
682 1334 989 1377 describuntur.

318 1466 569 1509 Puteolanus
601 1477 743 1524 portus
797 1467 931 1511 adhuc
972 1478 1108 1511 servat
1153 1468 1291 1511 nobile
1330 1465 1585 1526 antiquitatis

203 1534 553 1575 monumentum3
585 1526 654 1570 hic
687 1528 736 1568 ab
768 1527 914 1568 exteris
938 1525 1174 1569 natiOnibus
1196 1527 1273 1569 fuit
1292 1526 1503 1583 quondam
1527 1542 1590 1568 ce-

203 1582 417 1637 lebratus,
453 1593 574 1640 atque
605 1585 898 1642 frequentatus.
936 1586 1182 1627 Puteolanos
1203 1586 1315 1628 enim
1349 1601 1444 1628 cum
1465 1587 1593 1641 AEgy-

205 1641 330 1697 puis,
363 1651 403 1684 et
443 1643 664 1701 praecipue
702 1659 801 1686 cum,
833 1644 1125 1686 Alexandrinis
1169 1644 1236 1701 (1)
1286 1646 1587 1700 commercium

309 1866 362 1908 (ι)
418 1864 473 1901 Ad
503 1864 590 1899 tanti
621 1865 764 1900 honoris
793 1865 1002 1902 memoriam
1033 1878 1071 1901 ea
1116 1867 1152 1901 in
1182 1868 1270 1903 urbe
1299 1873 1394 1903 extat
1421 1864 1587 1904 vetustis-

208 1914 321 1948 simus
348 1915 438 1963 lapis
467 1916 593 1963 parieti
621 1914 756 1950 adfixus
784 1915 971 1952 cuiusdam
1001 1915 1130 1952 domus
1156 1929 1259 1952 secus
1286 1918 1379 1954 viam
1408 1931 1482 1955 nou
1511 1929 1587 1964 pro·

211 1964 272 1998 cul
302 1963 347 1998 ab
375 1964 524 2000 aedibus
551 1965 744 2002 seminarii
773 1965 967 2005 Puteolani
991 1994 1001 2010 ‚
1044 1968 1078 2002 in
1107 1979 1180 2015 quo
1206 1967 1326 2016 lapide
1371 1968 1411 2004 fit
1449 1967 1584 2003 mentio

205 2013 565 2059 Alexandrinorum,
592 2015 809 2064 Syriorum‚
848 2024 882 2052 et
923 2016 1165 2053 Asiaticorum
1208 2027 1450 2054 mercatorum
1474 2046 1484 2063 ‚
1524 2017 1586 2066 qui

205 2065 377 2101 Puteolos
405 2065 700 2115 delnigrahant,·
722 2067 860 2116 quique
887 2067 1041 2103 fortassis
1082 2066 1224 2103 cuidam
1252 2068 1368 2104 Lucio
1397 2068 1593 2117 Calpurnio

207 2115 414 2152 Duumviro
445 2116 615 2153 Coloniae
644 2116 864 2154 Puteolanae
882 2145 893 2162 ‚
922 2117 978 2153 vel
1009 2118 1170 2167 ipsorum
1198 2129 1442 2155 mercatorum
1462 2119 1591 2154 Patro-

208 2177 256 2219 no
282 2174 438 2203 statuam
468 2167 515 2202 ob
543 2166 689 2216 aliquod
717 2169 926 2216 praestitum
954 2168 1176 2204 beneficium
1201 2195 1211 2212 ,
1250 2169 1306 2206 vel
1343 2170 1390 2205 ob
1416 2181 1589 2205 commer-

207 2225 301 2249 cium
330 2225 530 2264 protectum
559 2218 595 2252 in
624 2217 748 2266 aliquo
777 2219 877 2254 urbis
903 2218 982 2255 loco
1009 2218 1256 2254 dedicarunt:
1285 2219 1329 2254 L.
1370 2220 1583 2267 Calpurnio.

208 2262 252 2299 L.
286 2264 386 2357 Ἐξ.
404 2267 616 2360 ΟαΙΙμῖινηὶο.
634 2267 733 2313 L.F,
763 2269 984 2318 Capitolino.
1014 2269 1340 2363 Mercatoregmqui.
1367 2269 1584 2307 Alexandr,

367 2331 448 2360 om.
512 2350 521 2362 .
