1920 2579
304 155 424 199 Extra
459 169 607 198 novam
641 150 783 196 urbem
805 185 819 207 ,
856 169 959 211 quae
993 154 1177 213 profecto
1227 151 1432 196 aedificata
1486 155 1568 197 fuit

186 230 308 272 supra
342 225 514 256 vetustas
549 213 744 255 ruderum
778 213 948 255 fabricas
973 246 984 265 ,
1015 223 1172 271 reperta
1210 213 1435 255 identidem
1484 212 1569 255 sne-

189 289 231 315 re
262 274 519 329 sepulchreta
553 271 668 328 plura
702 273 752 314 ad
787 273 1066 315 Romanorum
1103 287 1249 314 aevum
1306 273 1566 328 pertinentia.

186 332 250 373 De
282 332 390 372 hisce
423 333 536 388 plura
568 331 708 372 scribit
758 332 866 373 idem
898 329 1196 373 Remondinius
1235 330 1305 372 lib.
1341 330 1373 371 Ι.
1425 346 1461 372 c.
1501 332 1564 372 15.

188 391 331 430 Paucis
382 405 475 431 vero
523 389 673 430 abhinc
704 392 819 432 annis
863 389 1117 434 MDCCCX.
1164 388 1362 432 nonnulla
1393 389 1467 430 alia
1519 389 1571 431 ad

187 449 453 489 vetustissima
486 447 725 504 pertinentia
758 460 947 505 tempora
981 448 1199 489 eruderata
1245 448 1357 489 fuere
1390 447 1430 488 iu
1476 447 1568 490 loco

186 507 453 560 praesertim,
492 504 559 547 ubi
594 506 743 549 dicitur
773 509 808 548 il
837 508 1036 549 Illacello
1060 538 1072 557 ,
1111 522 1238 563 eaque
1270 505 1320 546 ad
1371 507 1567 549 Etrusco·

185 578 275 605 rum
310 567 470 606 nonnisi
501 579 644 606 aevum
682 567 918 623 pertinuisse
949 577 1107 608 certum
1140 576 1213 608 est.
1249 567 1359 607 Nam
1407 564 1561 606 ibidem

186 626 401 678 praecipue
450 624 636 679 perplura
687 624 1107 681 magnificentissimae
1138 633 1368 666 structurae
1418 638 1508 664 vasa
1528 651 1560 673 2,

185 693 358 734 paterae,
394 683 651 732 numismata,
684 685 836 724 ossium
868 697 1080 740 compages
1105 716 1119 738 ,
1151 681 1276 739 idque
1307 697 1433 737 genus
1484 681 1561 722 alia

185 741 369 792 quotidie
404 741 548 795 passim
584 741 840 797 reperiuntur
861 771 875 792 ‚
932 751 970 781 et
1000 741 1240 796 praesertim
1271 741 1394 780 huius
1445 739 1556 781 urbis

189 942 252 979 lib.
284 942 346 977 ΙΙΙ.
378 954 407 977 c.
433 941 458 976 6
475 969 485 986 ‚
514 948 547 976 et
573 942 823 977 Ambrosinius
852 953 1012 990 nuperus
1030 939 1389 977 NolaniCoemeterii
1408 944 1562 992 scriptor

183 992 246 1029 lib.
274 994 304 1028 I.
333 1005 363 1026 c.
394 1006 412 1027 2
441 992 587 1037 longam
613 991 821 1026 Diatribam
847 992 1071 1041 scripserunt
1105 989 1150 1026 ad
1193 991 1421 1040 probandum
1440 1021 1450 1037 ,
1497 993 1566 1031 hoc

182 1042 396 1079 vocabulum
423 1044 457 1077 in
486 1042 612 1077 Pincis
638 1041 677 1077 S.
706 1040 818 1077 Felici
848 1041 1049 1085 tributum,
1075 1041 1169 1076 varia
1187 1041 1405 1090 significare.
1422 1042 1565 1080 Verum

185 1106 230 1128 ne
259 1093 401 1141 longius
427 1092 595 1128 abeamus
612 1120 622 1137 ‚
653 1090 745 1128 illud
770 1093 807 1127 ἰη
834 1092 960 1128 Pineis
988 1090 1034 1127 ad
1061 1091 1189 1128 urbem
1216 1092 1372 1127 Romam
1400 1095 1565 1139 pertine-

182 1157 220 1179 re
249 1141 373 1192 procul
401 1141 510 1178 dubio
538 1141 691 1177 dicimus
713 1169 723 1186 ,
752 1151 793 1178 ut
818 1149 918 1191 patet
946 1154 990 1178 ex
1015 1140 1228 1179 Anasthasio
1256 1141 1559 1189 Bibliothecario,

179 1194 242 1243 qui
272 1194 307 1228 in
335 1191 510 1230 Hadrian.
539 1193 571 1229 I.
599 1192 784 1228 Basilicae
813 1196 852 1228 in
877 1193 1029 1238 PinCJ'S,
1057 1192 1129 1228 sive
1154 1195 1190 1228 in
1219 1192 1346 1228 Pinea<
1373 1195 1558 1232 meminit.

180 1245 227 1279 Et
254 1242 309 1279 Cl.
336 1242 545 1279 Mazochius
572 1243 609 1278 in
635 1242 793 1279 Kalend.
823 1244 934 1294 Neap.
960 1249 1047 1279 torn.
1082 1242 1111 1278 Ι.
1151 1243 1268 1279 Mens.
1306 1244 1450 1280 Ianuar.
1500 1244 1561 1281 die

178 1294 296 1329 XIIII.
326 1293 389 1343 qui
418 1293 557 1330 Natalis
583 1300 634 1330 est
661 1292 734 1329 dies
761 1293 921 1330 eiusdem
962 1292 1092 1329 Nolani
1131 1293 1333 1343 Presbyteri
1357 1320 1367 1338 ‚
1409 1303 1443 1330 et
1483 1308 1559 1331 non

177 1344 341 1393 Martyris
369 1346 383 1391 (
409 1350 449 1379 ut
475 1343 620 1394 quidam
647 1344 865 1392 scripserunt
895 1345 910 1393 )
935 1343 1127 1380 Michaelis
1155 1343 1330 1381 Monachi
1362 1346 1562 1382 auetorita-

180 1403 214 1430 te
242 1395 278 1428 in
308 1394 495 1430 Sanctuar.
537 1395 665 1443 Camp.
709 1407 791 1442 pag.
837 1392 910 1441 450
938 1395 977 1430 in
1022 1393 1285 1442 Martyrologio
1325 1394 1405 1430 MS.
1433 1394 1558 1441 legit:

177 1445 291 1481 Felix
316 1445 353 1479 ιή
378 1444 527 1489 Ρίηείε,
555 1457 628 1480 non
654 1446 717 1493 qui
743 1443 867 1480 Nolae
889 1471 899 1487 ,
928 1443 993 1479 sed
1017 1446 1082 1493 qui
1107 1444 1250 1478 Romae
1277 1444 1422 1479 colitur.
1463 1445 1559 1481 Hinc

178 1495 266 1531 olim
293 1508 379 1530 cum
406 1494 532 1531 eodem
560 1494 618 1530 die
646 1500 795 1543 uterque
820 1494 855 1530 S.
882 1493 982 1529 Felix
1012 1494 1225 1539 Romanus,
1252 1504 1287 1530 et
1302 1493 1467 1531 Nolanus
1498 1509 1557 1531 co-

173 1544 309 1581 {eretur
326 1572 335 1589 ,
362 1544 447 1580 inde
473 1551 594 1595 postea
622 1557 663 1580 ex
690 1542 834 1580 duobus
861 1556 957 1580 unus
985 1543 1133 1587 coaluit,
1163 1556 1200 1578 ae
1221 1543 1372 1592 proinde
1402 1545 1558 1580 vocabu—

176 1596 252 1631 lum
282 1597 318 1631 in
344 1595 472 1631 Pincis
494 1623 505 1642 ,
533 1594 633 1646 quod
660 1593 706 1631 ad
730 1594 937 1630 Romanum
964 1594 1192 1644 pertinebat,
1218 1594 1360 1630 Nolano
1390 1594 1458 1631 fuit
1494 1595 1558 1631 fal-

174 1658 214 1682 so
241 1646 429 1683 donatum,
514 1681 516 1684 .

276 1695 401 1732 Plures
427 1703 548 1745 postea
575 1697 747 1744 Martyres
763 1696 809 1731 ob
829 1694 1026 1731 Christiani
1047 1695 1203 1731 nominis
1222 1695 1330 1730 fidem
1351 1696 1458 1731 variis
1473 1709 1557 1731 cru-

178 1745 335 1781 ciatibus
365 1752 477 1780 morte
503 1745 694 1780 damnatos
712 1773 722 1791 ,
750 1746 873 1794 ibique
888 1745 1083 1780 tumulatos
1104 1745 1211 1780 fuisse
1228 1745 1318 1779 fama
1334 1752 1398 1780 est.
1419 1744 1554 1792 Vgliel-

177 1794 248 1830 lius
274 1794 354 1831 Ital.
384 1795 485 1831 Sacr.
516 1804 604 1831 tom.
634 1795 682 1830 II.
712 1795 760 1829 ita
786 1794 830 1830 de
857 1795 933 1843 ipso
961 1794 1173 1830 scribitloco
1197 1806 1204 1827 :
1235 1795 1435 1830 ,Μιιίίοι-ιιηι
1453 1795 1553 1830 San-

170 1852 310 1881 ctorum
336 1847 547 1895 ,Mat-lyram
572 1845 748 1893 sangnine
770 1850 1006 1893 purpuratum
1031 1871 1041 1890 ‚
1078 1844 1178 1893 quod
1205 1844 1261 1879 vel
1285 1856 1356 1880 ιιηο
1402 1845 1554 1881 Nolano

170 1894 400 1931 Coemeterio
426 1895 570 1931 abunde
597 1893 866 1944 comprobatur.
893 1894 992 1929 Hinc
1016 1903 1068 1929 est
1089 1920 1099 1936 ,
1126 1903 1167 1930 ut
1193 1893 1293 1929 hunc
1319 1895 1460 1930 accolae
1500 1896 1553 1931 lo-

170 1958 255 1981 cum
283 1945 571 1989 Coemelerium,
598 1952 633 1982 et
660 1944 816 1994 sequiori
843 1957 932 1982 aevo
962 1945 1164 1980 Cimz'timcm
1192 1944 1357 1980 dixerint.
1386 1946 1468 1990 Quo
1490 1958 1554 1981 ve-

170 2008 209 2032 ro
237 2006 398 2046 tempore
425 1997 493 2033 hoc
519 1995 737 2033 Coemeterii
766 2008 899 2032 nomen
927 1994 963 2030 in
993 1994 1091 2031 aliud
1120 1996 1164 2031 sit
1192 2001 1370 2030 mutatum
1394 2023 1403 2041 ‚
1434 1997 1552 2031 incer-

169 2055 248 2083 tum
276 2054 340 2083 est.
368 2048 455 2084 Divi
482 2047 626 2083 Paulini
653 2053 811 2096 tempore
836 2045 935 2082 hunc
955 2044 1248 2081 locumnobilern
1269 2046 1383 2082 fuisse
1400 2053 1551 2082 constat.

267 2099 308 2134 ln
336 2096 447 2136 huius
474 2097 618 2134 tandem
647 2097 718 2133 vici
746 2096 930 2132 nonnullis
957 2095 1043 2132 locis
1070 2095 1201 2146 passim
1220 2094 1341 2132 adhuc
1365 2096 1550 2132 effodiun-

167 2154 228 2183 tur
254 2147 322 2184 SS.
350 2149 557 2199 Martyrum
583 2159 788 2196 compages,
827 2146 957 2183 Paucis
991 2146 1122 2183 abhinc
1159 2143 1267 2183 ann'i's
1311 2146 1546 2183 eruderatum

167 2197 238 2233 fuit
264 2197 496 2249 hypogaeum
523 2210 606 2238 cum
633 2197 850 2238 Christianis
877 2196 1057 2248 lapidibus
1083 2198 1127 2234 ab
1154 2197 1279 2234 eodem
1306 2196 1545 2235 Ambrosinio

166 2250 335 2286 recitatis.
