1920 2579
383 169 465 209 236

375 240 461 277 pra
496 225 572 266 del
604 227 732 285 quale
763 229 884 268 eravi
917 239 974 266 un
1001 239 1137 281 ponte
1157 256 1170 276 ‚
1202 229 1274 269 nel
1301 226 1429 283 quale
1456 243 1654 284 passava
1685 236 1732 278 Ia

383 283 579 325 suddeua
631 290 724 327 via:
770 287 813 326 le
851 284 1005 326 rovine
1056 285 1104 326 di
1152 295 1297 342 questo
1352 288 1456 343 oggi
1499 292 1639 331 anche
1698 296 1743 335 si

380 355 573 396 veggono
605 351 671 383 tra
697 343 717 384 i
751 342 960 398 cesprcgli.
1007 343 1203 385 Tirando
1241 359 1269 384 α
1303 344 1427 385 drino
1457 348 1538 400 pel
1580 353 1736 391 castel-

376 399 414 439 l.)
446 400 489 438 di
527 400 860 455 Casapuzzano,
896 399 1012 441 dove
1041 401 1084 441 si
1109 415 1304 457 veggono
1337 404 1447 444 altre
1484 406 1614 446 molae
1648 409 1732 448 sel-

374 458 418 496 εἰ
446 457 663 513 disperse,
705 468 880 500 emt-ava
914 459 956 498 in
994 459 1160 500 Atella.
1189 459 1298 499 Hinc
1329 462 1452 516 paulo
1505 474 1594 516 post
1644 465 1732 506 mil-

372 514 526 555 liariam
560 515 680 557 affert
711 515 948 557 columnam
981 517 1075 557 Vll.
1110 530 1283 557 numero
1338 518 1553 560 indicatam
1576 551 1589 570 ‚
1634 518 1737 580 quae

372 573 413 612 in
445 574 657 615 cuiusdam
689 574 838 616 domus
869 574 1074 631 parietinis
1113 584 1325 615 servatur:

369 689 498 729 mvn
531 722 541 731 .
574 689 831 732 SENATUS
862 720 872 730 .
905 689 1290 744 POPULUSQUE
1322 722 1331 732 .
1367 691 1645 736 ROMANUS
1678 729 1685 736 .

484 805 549 847 Ex
601 807 679 847 hoc
728 806 860 862 lapide
911 806 1005 847 satis
1054 807 1289 861 colligitur,
1348 808 1576 851 Atellanam
1622 811 1728 855 viam

360 874 556 919 apertam,
589 875 627 906 et
658 865 834 907 silicibus
869 865 1067 906 munitam
1100 864 1307 907 Romanae
1339 867 1579 922 reipublicae
1609 885 1723 920 aev0,

364 922 616 980 eandemque
645 926 740 965 satis
786 923 993 979 antiquam
1019 954 1031 973 ,
1061 924 1394 981 quandoquidem
1442 925 1572 967 Atella
1621 929 1724 970 inter

361 980 460 1021 duas
492 983 610 1023 urbes
641 982 825 1037 Capuam
846 1013 856 1032 ‚
890 993 929 1023 et
961 980 1174 1035 Neapolim
1208 982 1283 1023 fuit
1317 983 1457 1039 posita.

484 1042 586 1081 Acta
619 1041 658 1082 S.
690 1041 901 1091 Ianuarii,
951 1050 990 1081 et
1020 1039 1090 1083 SS.
1121 1041 1337 1082 Sociorum
1388 1041 1620 1099 Martyrum
1671 1045 1722 1086 ab

360 1097 632 1140 Emmanuele
661 1109 817 1139 exarata
838 1129 849 1150 ,
881 1108 920 1139 et
950 1112 972 1139 a
1018 1097 1229 1140 Carminio
1276 1097 1500 1150 Falconio,
1541 1101 1633 1141 Vita
1679 1103 1720 1143 di

357 1154 398 1195 S.
431 1156 653 1208 Gennaro,
687 1156 833 1207 allata,
879 1158 984 1197 hanc
1031 1156 1136 1196 viam
1184 1157 1276 1198 satis
1321 1156 1536 1198 indicant:
1586 1171 1719 1202 narrat

357 1212 538 1254 Graecus
584 1225 725 1255 auctor
755 1245 766 1265 ,
817 1214 1083 1255 Timotheum
1129 1214 1377 1269 Campaniae
1423 1216 1718 1259 proconsulem

355 1272 373 1322 (
407 1271 536 1312 Nolae
568 1287 660 1312 cum
695 1283 795 1313 esset
825 1271 842 1329 )
878 1271 1066 1313 Puteolos
1096 1272 1292 1327 quasdam
1325 1270 1379 1313 ob
1430 1287 1564 1313 causas
1629 1291 1717 1329 per-

355 1330 500 1370 rexisse
520 1360 530 1379 ,
564 1329 797 1371 Ianuarium
822 1362 833 1379 ‚
864 1340 903 1370 et
933 1330 1073 1370 Socios
1104 1341 1197 1370 ante
1229 1344 1349 1370 suum
1381 1344 1549 1371 currum
1567 1335 1713 1373 catenis

353 1389 508 1427 vinctos
542 1387 775 1431 ducentem.
809 1387 1099 1429 Proconsulem
1132 1386 1211 1428 alio
1240 1388 1332 1428 iter·
1352 1386 1572 1428 instituisse
1615 1392 1712 1431 scri-

349 1445 410 1486 bit
463 1444 570 1486 idem
604 1445 785 1487 Graecus
815 1457 987 1496 auctor,
1020 1456 1058 1487 et
1086 1446 1190 1486 viam
1224 1444 1447 1499 longiorem
1479 1446 1614 1487 secisse
1646 1464 1717 1503 per

354 1507 538 1553 Acerras,
575 1515 612 1544 et
644 1505 833 1557 Atellam,
866 1503 975 1545 haud
1008 1519 1103 1545 vero
1136 1520 1206 1560 per
1238 1502 1500 1544 Puteolanam
1533 1504 1583 1544 ad
1618 1509 1720 1546 hanc

353 1562 491 1603 urbem
530 1562 700 1616 venisse,
732 1579 854 1621 supra
884 1578 1010 1619 quam
1043 1572 1126 1603 erat
1167 1560 1357 1618 Neapolis
1381 1592 1393 1610 ‚
1427 1572 1470 1602 ut
1500 1572 1593 1603 ante
1611 1562 1715 1604 dixi-

351 1636 454 1662 mus.
489 1621 622 1663 IIuius
655 1624 862 1679 scriptoris
894 1620 1015 1662 verba
1047 1619 1159 1660 haud
1208 1635 1302 1661 cum
1353 1620 1680 1662 Bononiensibus
1703 1657 1716 1676 ‚

347 1689 385 1719 et
418 1679 623 1723 Vaticanis
655 1681 906 1723 concordant
939 1681 1070 1729 Actis,
1091 1692 1196 1733 quae
1228 1679 1268 1719 S·
1304 1678 1546 1734 Martyrem,
1583 1681 1712 1723 etSo-

349 1740 430 1779 cios
467 1754 536 1794 per
570 1740 870 1789 Puteolanam,
902 1753 984 1779 non
1030 1751 1128 1779 vero
1179 1753 1250 1794 per
1296 1737 1524 1777 Atellanam
1570 1737 1710 1780 adiisse

348 1807 561 1840 testantur.

465 1857 625 1899 Praeter
657 1855 799 1898 Graeci
833 1855 1039 1910 scriptoris
1071 1854 1371 1904 auctoritatem,
1397 1863 1711 1896 monumentum

339 1913 447 1954 aliud
481 1927 586 1958 extat
621 1917 740 1956 huius
775 1915 860 1954 viae
892 1914 1156 1969 desumptum
1191 1928 1235 1953 cx
1270 1913 1381 1953 Actis
1414 1912 1705 1954 Translationis

343 1975 376 2014 S.
416 1973 625 2016 Athanasii
660 1973 916 2029 Neapolitani
950 1973 1173 2027 Episcopi,
1205 1972 1274 2026 qui
1309 1981 1495 2010 mortuus
1529 1981 1586 2011 est
1635 1986 1702 2011 au-

342 2047 392 2073 no
426 2032 744 2074 DCCCLXXH.
780 2031 893 2072 cuius
925 2045 1071 2086 corpus
1102 2047 1124 2070 a
1156 2029 1310 2069 Montis
1343 2028 1593 2069 Casinatium
1617 2043 1703 2073 mo·¹

343 2093 515 2132 nasterio
549 2089 761 2145 Neapolim
808 2090 884 2131 suit
934 2088 1171 2130 translatum
1221 2096 1375 2143 septem
1424 2096 1514 2142 post
1561 2101 1701 2130 annos,

339 2150 397 2189 Ex
432 2151 492 2191 his
527 2150 645 2205 igitur
678 2150 788 2189 Actis
820 2146 1047 2202 colligitur,
1080 2145 1257 2187 eiusdem
1289 2158 1436 2200 corpus
1469 2142 1701 2186 solemniter

338 2211 574 2249 translatum
607 2223 626 2246 a
662 2206 850 2247 Liburiae
889 2205 1163 2246 sacerdotibus
1213 2202 1428 2258 Neapolim
1474 2217 1542 2258 per
1592 2203 1699 2245 viam

338 2268 579 2308 Atellanam.
612 2266 688 2305 Hic
722 2268 829 2305 euim
882 2265 898 2321 ζ
935 2275 977 2304 ut
1027 2265 1065 2304 in
1099 2264 1183 2304 eius
1216 2261 1361 2315 legitur
1411 2261 1489 2300 vita
1519 2260 1538 2314 )
1574 2262 1689 2302 exilio

338 2323 412 2363 suit
445 2325 638 2365 multatus
673 2323 871 2371 Verulis,
931 2320 997 2378 ubi
1047 2331 1265 2361 extremam
1315 2318 1415 2359 obiit
1463 2318 1584 2362 diem.
1630 2319 1693 2359 En

333 2383 534 2425 Actorum
569 2383 684 2425 verb]
720 2381 768 2422 ab
801 2391 963 2423 auctore
996 2390 1339 2437 contemporaneo
1373 2388 1526 2421 exarata
1548 2408 1560 2428 ,
1594 2391 1694 2432 quae
