1920 2579
313 81 360 120 18

306 139 417 179 ultro
449 135 635 196 citroque
668 138 901 182 exercuisse
938 151 1202 199 compertum
1234 153 1307 186 est.
1327 145 1442 189 Haec
1464 162 1563 191 vero
1582 149 1694 192 civi-

313 206 373 238 tas
406 205 550 253 utpote
582 197 680 240 satis
715 208 810 255 apta
843 197 894 240 ad
925 211 1200 244 mercaturam
1226 234 1238 252 ‚
1289 213 1329 245 et
1377 205 1420 246 in
1452 216 1694 262 opportuno

308 255 402 297 loco
434 258 509 297 sita
541 271 663 298 naves
694 257 870 299 aliarum
903 259 1089 315 gentium
1106 276 1267 318 semper
1288 278 1448 306 merces
1467 280 1692 308 exoneran-

313 322 371 355 tes
397 313 650 370 recipiebat,
684 313 926 374 divitiasque
959 318 1001 359 in
1035 317 1117 360 dies
1150 321 1340 378 augebat.
1380 323 1491 366 Hinc
1543 325 1691 368 strabo

310 372 382 413 lib.
418 372 470 414 V.
493 372 650 430 Geogr.
683 374 857 425 scribit,
896 375 1007 420 hunc
1041 387 1208 433 portum
1243 389 1327 421 tam
1360 382 1567 424 celebrem
1590 399 1684 426 eva·

312 430 409 471 sisse
428 462 439 479 ,
474 439 519 471 ut
550 447 599 473 ex
631 434 790 475 cunctis
821 436 1004 491 partibus
1041 436 1122 479 huc
1154 437 1314 481 assidue
1333 438 1601 482 adventarent
1622 458 1689 482 ex-

311 497 420 530 terae
463 500 614 546 gentes.
647 491 791 534 Livius
824 494 897 537 lib.
927 495 1083 536 XXIV.
1124 512 1159 538 c.
1193 496 1297 538 12id
1331 499 1456 538 etiam
1491 499 1692 553 significa-

312 548 370 587 vit
396 547 445 588 de
469 548 594 590 Fabio
624 547 862 607 alloquens3
895 553 976 593 Ex·
1013 556 1267 596 auctoritate
1294 567 1470 598 senatus
1493 560 1687 599 Puteolos

308 620 394 659 per
426 607 583 647 bellum
627 621 818 663 coeptum
849 611 1128 668 frequentari
1161 619 1393 668 emporium
1431 619 1692 657 communiit.

315 662 370 704 Et
402 665 564 707 Tullius
597 666 667 708 lib.
691 670 745 709 V.
770 667 819 709 ad
857 671 1043 712 Atticum
1074 672 1133 713 sic
1172 672 1344 713 scribit:
1373 675 1475 714 Cum
1489 690 1573 729 per·
1610 690 1694 714 em.

310 724 485 774 porium
519 725 852 767 Puteolanorum
895 728 974 767 iter·
993 730 1214 780 facerem.

84 781 315 843 nglfflljssafffle
436 780 481 821 Id
516 797 614 824 vero
646 784 753 840 quod
785 785 919 841 magis
939 788 1154 829 Puteolani
1176 797 1319 844 portus
1341 789 1694 845 magnificentiam

154 850 157 852 ’
321 837 591 893 efformabat‚
626 852 741 886 erant
779 844 942 897 mole5‚
994 861 1064 888 seu
1099 847 1207 903 pilae
1246 847 1314 905 (ι)
1354 862 1456 903 quae
1476 849 1602 904 vulgo
1638 848 1698 889 di-

311 1046 428 1079 Αεῖαὶ.
457 1045 585 1081 Siriai.
613 1049 785 1096 negotian
806 1073 815 1082 .
845 1074 853 1083 .
883 1074 891 1082 .
923 1074 931 1084 .
961 1055 1032 1084 tur.
1062 1050 1117 1085 Ex
1144 1048 1210 1085 hoc
1240 1062 1414 1085 marmore
1442 1049 1597 1097 quisque
1626 1049 1697 1085 sibi

311 1093 530 1142 persuadet,
554 1109 666 1145 quam
695 1110 869 1146 maguum
897 1099 1156 1135 commercium
1184 1112 1268 1133 cum
1297 1099 1394 1133 hisce
1425 1099 1594 1147 gentibus
1623 1105 1697 1134 tam

313 1143 446 1180 dissitis
473 1144 581 1181 fuerit
609 1146 832 1184 celebratum
850 1175 859 1191 ,
888 1159 922 1184 et
952 1155 1131 1197 quantum
1158 1148 1245 1184 haec
1272 1149 1358 1184 urbs
1386 1149 1696 1198 magnificentissi-

312 1206 413 1229 mum
442 1197 593 1232 evaserit
620 1197 839 1245 emporium.
860 1198 956 1234 Hinc
982 1198 1078 1247 leges
1104 1198 1198 1234 hanc
1225 1198 1358 1234 obrem
1386 1199 1630 1235 sanctissimae
1646 1199 1696 1234 la-

311 1253 370 1281 tae
398 1244 499 1279 fuere
527 1245 572 1281 ad
593 1254 726 1283 tantam
743 1246 966 1284 diversarum
984 1249 1148 1297 gentium
1166 1248 1406 1297 frequentiam
1426 1248 1694 1286 continendam.

411 1293 552 1331 Praeter
578 1297 648 1332 hoc
676 1305 954 1334 mouumentum
986 1305 1108 1333 extant
1136 1297 1229 1333 duae
1257 1298 1430 1346 epistolae
1450 1297 1588 1333 Graeco
1616 1311 1699 1333 con-

319 1346 471 1394 scriptae
501 1345 671 1383 idiomate
697 1374 707 1389 ,
734 1354 772 1382 et
799 1347 963 1384 Puteolis
990 1347 1076 1382 olim
1106 1361 1216 1396 prope
1245 1347 1443 1383 Ecclesiam
1482 1347 1520 1382 S.
1552 1347 1702 1395 Euphe-

314 1396 407 1430 miae
435 1402 621 1444 repertae,
659 1409 753 1445 quae
784 1396 829 1430 de
858 1398 1074 1432 commercio
1104 1399 1195 1431 inter
1223 1396 1376 1445 Tyrios,
1420 1404 1453 1432 et
1490 1396 1703 1433 Plioenicios

314 1444 536 1480 mentionem
566 1445 721 1482 facium.
751 1445 807 1482 De
834 1445 877 1480 iis
903 1445 1062 1495 epistolis
1089 1447 1247 1483 occurrit
1276 1448 1412 1483 mentio
1452 1446 1550 1495 apud
1579 1447 1701 1494 plures

316 1495 528 1543 scriptores,
558 1504 592 1531 et
621 1496 813 1545 praecipue
841 1496 935 1544 apud
953 1497 1149 1533 Gruterum
1179 1497 1215 1533 in
1244 1496 1432 1533 Thesauro
1460 1510 1545 1546 pagt
1577 1497 1698 1546 MCV.

316 1544 563 1581 Martorellius
592 1544 720 1582 Colon.
746 1559 832 1595 pag.
863 1546 936 1596 529
976 1556 1010 1581 et
1039 1558 1136 1596 seqq.
1185 1548 1322 1583 Lasena
1367 1546 1540 1595 Gymnas.
1582 1545 1695 1594 Neap.

318 1594 558 1643 Spanhemius
586 1596 623 1631 in
653 1596 750 1633 Orbe
778 1597 886 1634 Rom.
918 1610 947 1632 c.
981 1608 1018 1630 ιι
1059 1597 1193 1646 aliique
1220 1594 1363 1632 easdem
1392 1596 1560 1645 epistolas
1607 1610 1699 1631 mar-

320 1657 417 1680 more
445 1645 602 1695 sculptas
629 1655 845 1684 memorant.
876 1647 953 1682 Hae
980 1646 1130 1695 quidem
1159 1645 1381 1694 conscriptae
1408 1645 1576 1682 videntur
1604 1658 1699 1682 anno

320 1695 458 1731 circiter
485 1706 565 1745 post
593 1705 721 1733 natum
750 1697 935 1737 Christum
964 1696 1162 1733 CLXXIV.
1196 1697 1394 1744 imperante
1432 1698 1555 1732 Marco
1583 1698 1698 1732 Aure-

320 1747 393 1791 lio,
423 1758 494 1795 quo
522 1756 684 1798 tempore
710 1749 968 1789 commercium
1006 1745 1075 1782 hoc
1104 1748 1197 1784 inter
1223 1746 1444 1785 Puteolanos
1465 1774 1475 1791 ,
1517 1757 1552 1782 et
1581 1747 1700 1783 Phoe-

324 1795 434 1833 nicios
461 1799 617 1834 maxime
646 1799 807 1849 vigebat.

426 1848 487 1897 (ι)
538 1849 652 1886 Hasce
679 1850 767 1899 pilas
788 1877 800 1894 ,
829 1862 891 1886 seu
918 1848 1202 1889 substructiones
1242 1862 1312 1885 non
1342 1849 1459 1887 solum
1488 1847 1652 1884 Puteolis
1682 1877 1691 1893 ‚

323 1911 449 1935 verum
476 1898 582 1935 etiam
610 1899 688 1936 aliis
717 1900 867 1937 huiusce
894 1902 1001 1936 maris
1041 1899 1129 1936 locis
1155 1899 1264 1937 fuisse
1292 1906 1444 1936 constat.
1477 1898 1696 1934 puteolanae

324 1949 418 1998 pilae
445 1950 590 1986 fortasse
617 1950 695 1987 aliis
723 1951 1046 2000 magnificentiores
1071 1950 1172 1987 fuere
1198 1965 1206 1987 :
1241 1958 1274 1987 at
1302 1949 1401 1987 haud
1440 1959 1525 1985 sunt
1556 1958 1692 1997 praete-

326 2000 485 2037 reundae
513 2000 593 2036 illae
616 2029 626 2046 ‚
654 2013 746 2050 quae
773 2001 888 2038 adhue
927 2002 995 2038 sub
1030 1999 1141 2037 undis
1168 2003 1335 2038 visuntur
1373 2013 1486 2050 prope
1528 1999 1701 2035 Nesidem

328 2050 484 2086 insulam
503 2077 512 2094 ‚
540 2052 674 2088 Miseni
703 2059 848 2101 portum
870 2080 880 2098 ‚
910 2059 944 2089 et
970 2050 1103 2089 lulium
1127 2079 1137 2097 ‚
1168 2053 1232 2089 ubi
1274 2051 1478 2087 adhucdum
1527 2048 1703 2084 dicuntur

328 2100 442 2137 Saxa
454 2101 631 2151 J'arnosa‚
660 2115 723 2138 seu
753 2102 881 2151 vulgo·
904 2103 937 2139 le
967 2102 1130 2141 Fumose.
1160 2102 1245 2149 ,Hae
1283 2102 1392 2138 moles
1435 2099 1558 2149 procul
1592 2098 1705 2134 dubio

329 2154 430 2190 fuere
458 2153 539 2189 satis
567 2154 783 2202 magnificae
810 2155 1060 2191 Romanorum
1087 2165 1174 2190 aevo
1192 2181 1202 2199 ‚
1223 2152 1285 2189 sed
1315 2150 1499 2200 probabile
1528 2159 1579 2185 est
1597 2178 1606 2194 ‚
1630 2162 1706 2185 eas-

332 2202 414 2239 dem
443 2202 558 2239 multo
586 2213 670 2241 ante
697 2203 901 2241 aedificatas
929 2205 1063 2249 fuisse,
1091 2214 1126 2240 et
1154 2217 1171 2239 a
1199 2202 1342 2241 Graecis
1371 2203 1480 2250 ipsis,
1512 2213 1585 2237 non
1618 2214 1702 2238 vero

333 2267 352 2290 a
380 2254 551 2291 Romanis
571 2281 582 2301 ,
611 2255 677 2305 qui
704 2254 847 2294 easdem
875 2255 1045 2304 temporis
1072 2267 1263 2305 progressu
1291 2259 1550 2289 restaurarunt.
