<?xml version="1.0" encoding="UTF-8"?>
<!DOCTYPE html PUBLIC "-//W3C//DTD XHTML 1.0 Transitional//EN"
    "http://www.w3.org/TR/xhtml1/DTD/xhtml1-transitional.dtd">
<html xmlns="http://www.w3.org/1999/xhtml" xml:lang="en" lang="en">
 <head>
  <title>
</title>
<meta http-equiv="Content-Type" content="text/html;charset=utf-8" />
  <meta name='ocr-system' content='tesseract 3.04.00' />
  <meta name='ocr-capabilities' content='ocr_page ocr_carea ocr_par ocr_line ocrx_word'/>
</head>
<body>
  <div class='ocr_page' id='page_1' title='image "./universiaecampan01laur/universiaecampan01laur_0217.png"; bbox 0 0 1920 2579; ppageno 0'>
   <div class='ocr_carea' id='block_1_1' title="bbox 1464 126 1548 169">
    <p class='ocr_par' dir='ltr' id='par_1_1' title="bbox 1464 126 1548 169">
     <span class='ocr_line' id='line_1_1' title="bbox 1464 126 1548 169; baseline -0.036 0"><span class='ocrx_word' id='word_1_1' title='bbox 1464 126 1548 169; x_wconf 84' lang='lat'>205</span> 
     </span>
    </p>
   </div>
   <div class='ocr_carea' id='block_1_2' title="bbox 163 185 1557 2356">
    <p class='ocr_par' dir='ltr' id='par_1_2' title="bbox 179 185 1557 714">
     <span class='ocr_line' id='line_1_2' title="bbox 186 185 1557 248; baseline -0.004 -17"><span class='ocrx_word' id='word_1_2' title='bbox 186 191 325 231; x_wconf 76' lang='lat' dir='ltr'>ceteris</span> <span class='ocrx_word' id='word_1_3' title='bbox 357 192 589 248; x_wconf 71' lang='lat' dir='ltr'>exemplum</span> <span class='ocrx_word' id='word_1_4' title='bbox 621 189 766 246; x_wconf 84' lang='lat' dir='ltr'>pueris.</span> <span class='ocrx_word' id='word_1_5' title='bbox 800 187 910 230; x_wconf 85' lang='lat' dir='ltr'>Hine</span> <span class='ocrx_word' id='word_1_6' title='bbox 933 185 1055 232; x_wconf 81' lang='lat' dir='ltr'>etiam</span> <span class='ocrx_word' id='word_1_7' title='bbox 1073 187 1294 231; x_wconf 86' lang='lat' dir='ltr'>dicendum</span> <span class='ocrx_word' id='word_1_8' title='bbox 1315 187 1396 228; x_wconf 82' lang='lat' dir='ltr'>non</span> <span class='ocrx_word' id='word_1_9' title='bbox 1421 188 1557 229; x_wconf 85' lang='lat' dir='ltr'>solum</span> 
     </span>
     <span class='ocr_line' id='line_1_3' title="bbox 182 246 1548 305; baseline -0.002 -17"><span class='ocrx_word' id='word_1_10' title='bbox 182 249 470 305; x_wconf 83' lang='lat' dir='ltr'>Neapolitanos</span> <span class='ocrx_word' id='word_1_11' title='bbox 504 250 665 292; x_wconf 76' lang='lat' dir='ltr'>Graeco</span> <span class='ocrx_word' id='word_1_12' title='bbox 698 248 856 290; x_wconf 84' lang='lat' dir='ltr'>locutos</span> <span class='ocrx_word' id='word_1_13' title='bbox 885 247 1096 302; x_wconf 82' lang='lat' dir='ltr'>idiomate,</span> <span class='ocrx_word' id='word_1_14' title='bbox 1131 263 1273 293; x_wconf 86' lang='lat' dir='ltr'>verum</span> <span class='ocrx_word' id='word_1_15' title='bbox 1307 246 1429 288; x_wconf 88' lang='lat' dir='ltr'>etiam</span> <span class='ocrx_word' id='word_1_16' title='bbox 1461 259 1548 286; x_wconf 92' lang='lat' dir='ltr'>mo-</span> 
     </span>
     <span class='ocr_line' id='line_1_4' title="bbox 184 307 1546 363; baseline -0.001 -17"><span class='ocrx_word' id='word_1_17' title='bbox 184 322 274 356; x_wconf 69' lang='lat' dir='ltr'>re5‚</span> <span class='ocrx_word' id='word_1_18' title='bbox 307 324 429 360; x_wconf 87' lang='lat' dir='ltr'>usus,</span> <span class='ocrx_word' id='word_1_19' title='bbox 461 319 499 348; x_wconf 85' lang='lat' dir='ltr'>et</span> <span class='ocrx_word' id='word_1_20' title='bbox 531 307 668 350; x_wconf 87' lang='lat' dir='ltr'>omnia</span> <span class='ocrx_word' id='word_1_21' title='bbox 702 308 960 349; x_wconf 86' lang='lat' dir='ltr'>Graecorum</span> <span class='ocrx_word' id='word_1_22' title='bbox 991 308 1114 350; x_wconf 83' lang='lat' dir='ltr'>instar</span> <span class='ocrx_word' id='word_1_23' title='bbox 1136 321 1359 363; x_wconf 80' lang='lat' dir='ltr'><strong>usurpasse.</strong></span> <span class='ocrx_word' id='word_1_24' title='bbox 1384 307 1546 347; x_wconf 85' lang='lat' dir='ltr'>Eorun-</span> 
     </span>
     <span class='ocr_line' id='line_1_5' title="bbox 184 361 1548 422; baseline -0.002 -18"><span class='ocrx_word' id='word_1_25' title='bbox 184 365 277 406; x_wconf 77' lang='lat' dir='ltr'>dem</span> <span class='ocrx_word' id='word_1_26' title='bbox 310 366 472 422; x_wconf 87' lang='lat' dir='ltr'>insuper</span> <span class='ocrx_word' id='word_1_27' title='bbox 503 382 642 408; x_wconf 85' lang='lat' dir='ltr'>omnes</span> <span class='ocrx_word' id='word_1_28' title='bbox 677 379 867 407; x_wconf 86' lang='lat' dir='ltr'>nummos</span> <span class='ocrx_word' id='word_1_29' title='bbox 900 381 944 406; x_wconf 78' lang='lat' dir='ltr'>ex</span> <span class='ocrx_word' id='word_1_30' title='bbox 976 365 1231 408; x_wconf 83' lang='lat' dir='ltr'>Martorellio</span> <span class='ocrx_word' id='word_1_31' title='bbox 1282 365 1418 407; x_wconf 84' lang='lat' dir='ltr'>Theca</span> <span class='ocrx_word' id='word_1_32' title='bbox 1471 361 1548 402; x_wconf 86' lang='lat' dir='ltr'>Ca-</span> 
     </span>
     <span class='ocr_line' id='line_1_6' title="bbox 180 421 1543 481; baseline -0.001 -20"><span class='ocrx_word' id='word_1_33' title='bbox 180 423 270 464; x_wconf 68' lang='lat' dir='ltr'>lam.</span> <span class='ocrx_word' id='word_1_34' title='bbox 295 441 377 479; x_wconf 80' lang='lat' dir='ltr'>pag.</span> <span class='ocrx_word' id='word_1_35' title='bbox 399 427 478 476; x_wconf 80' lang='lat'>488</span> <span class='ocrx_word' id='word_1_36' title='bbox 495 440 653 481; x_wconf 79' lang='lat' dir='ltr'><strong>semper</strong></span> <span class='ocrx_word' id='word_1_37' title='bbox 669 424 817 466; x_wconf 76' lang='lat' dir='ltr'>Graios</span> <span class='ocrx_word' id='word_1_38' title='bbox 840 424 959 465; x_wconf 80' lang='lat' dir='ltr'>fuisse</span> <span class='ocrx_word' id='word_1_39' title='bbox 973 435 1133 466; x_wconf 83' lang='lat' dir='ltr'>constat</span> <span class='ocrx_word' id='word_1_40' title='bbox 1155 424 1297 467; x_wconf 86' lang='lat' dir='ltr'>iisdem</span> <span class='ocrx_word' id='word_1_41' title='bbox 1321 421 1543 477; x_wconf 84' lang='lat' dir='ltr'>insculptos</span> 
     </span>
     <span class='ocr_line' id='line_1_7' title="bbox 181 481 1544 541; baseline 0.001 -20"><span class='ocrx_word' id='word_1_42' title='bbox 181 481 491 534; x_wconf 78' lang='lat' dir='ltr'>characteribus,</span> <span class='ocrx_word' id='word_1_43' title='bbox 512 498 592 524; x_wconf 90' lang='lat' dir='ltr'>non</span> <span class='ocrx_word' id='word_1_44' title='bbox 613 484 744 525; x_wconf 90' lang='lat' dir='ltr'>solum</span> <span class='ocrx_word' id='word_1_45' title='bbox 768 484 896 541; x_wconf 83' lang='lat' dir='ltr'>prima</span> <span class='ocrx_word' id='word_1_46' title='bbox 915 493 1164 538; x_wconf 80' lang='lat' dir='ltr'>tempestate,</span> <span class='ocrx_word' id='word_1_47' title='bbox 1185 483 1255 524; x_wconf 88' lang='lat' dir='ltr'>sed</span> <span class='ocrx_word' id='word_1_48' title='bbox 1279 497 1403 541; x_wconf 82' lang='lat' dir='ltr'>usque</span> <span class='ocrx_word' id='word_1_49' title='bbox 1423 483 1544 522; x_wconf 82' lang='lat' dir='ltr'>etiam</span> 
     </span>
     <span class='ocr_line' id='line_1_8' title="bbox 181 540 1547 600; baseline 0.001 -20"><span class='ocrx_word' id='word_1_50' title='bbox 181 540 280 581; x_wconf 86' lang='lat' dir='ltr'>dum</span> <span class='ocrx_word' id='word_1_51' title='bbox 313 540 407 582; x_wconf 86' lang='lat' dir='ltr'>urbs</span> <span class='ocrx_word' id='word_1_52' title='bbox 437 541 700 596; x_wconf 82' lang='lat' dir='ltr'>graecissavit.</span> <span class='ocrx_word' id='word_1_53' title='bbox 735 543 934 598; x_wconf 82' lang='lat' dir='ltr'>Capacius</span> <span class='ocrx_word' id='word_1_54' title='bbox 964 543 1069 583; x_wconf 88' lang='lat' dir='ltr'>Hist.</span> <span class='ocrx_word' id='word_1_55' title='bbox 1105 542 1232 598; x_wconf 76' lang='lat' dir='ltr'>Neap.</span> <span class='ocrx_word' id='word_1_56' title='bbox 1266 541 1335 583; x_wconf 88' lang='lat' dir='ltr'>lib.</span> <span class='ocrx_word' id='word_1_57' title='bbox 1362 540 1466 580; x_wconf 86' lang='lat' dir='ltr'>11.c.</span> <span class='ocrx_word' id='word_1_58' title='bbox 1494 555 1547 600; x_wconf 65' lang='lat'>13</span> 
     </span>
     <span class='ocr_line' id='line_1_9' title="bbox 179 597 1542 657; baseline 0 -19"><span class='ocrx_word' id='word_1_59' title='bbox 179 609 217 639; x_wconf 88' lang='lat' dir='ltr'>et</span> <span class='ocrx_word' id='word_1_60' title='bbox 247 599 407 654; x_wconf 70' lang='lat' dir='ltr'>Ignarm</span> <span class='ocrx_word' id='word_1_61' title='bbox 439 600 521 643; x_wconf 77' lang='lat' dir='ltr'>Pal.</span> <span class='ocrx_word' id='word_1_62' title='bbox 554 601 682 657; x_wconf 83' lang='lat' dir='ltr'>Neap.</span> <span class='ocrx_word' id='word_1_63' title='bbox 714 617 748 643; x_wconf 85' lang='lat' dir='ltr'>c.</span> <span class='ocrx_word' id='word_1_64' title='bbox 783 614 838 643; x_wconf 86' lang='lat'>20</span> <span class='ocrx_word' id='word_1_65' title='bbox 871 616 1063 644; x_wconf 82' lang='lat' dir='ltr'>nummos</span> <span class='ocrx_word' id='word_1_66' title='bbox 1093 600 1275 643; x_wconf 86' lang='lat' dir='ltr'>afferunt</span> <span class='ocrx_word' id='word_1_67' title='bbox 1314 597 1542 655; x_wconf 79' lang='lat' dir='ltr'>Neapolita-</span> 
     </span>
     <span class='ocr_line' id='line_1_10' title="bbox 182 658 1185 714; baseline 0.004 -18"><span class='ocrx_word' id='word_1_68' title='bbox 182 671 286 709; x_wconf 83' lang='lat' dir='ltr'>nos,</span> <span class='ocrx_word' id='word_1_69' title='bbox 320 659 389 714; x_wconf 88' lang='lat' dir='ltr'>qui</span> <span class='ocrx_word' id='word_1_70' title='bbox 424 658 590 701; x_wconf 83' lang='lat' dir='ltr'>Graecis</span> <span class='ocrx_word' id='word_1_71' title='bbox 621 660 925 702; x_wconf 79' lang='lat' dir='ltr'>characteribus</span> <span class='ocrx_word' id='word_1_72' title='bbox 959 671 1053 701; x_wconf 88' lang='lat' dir='ltr'>sunt</span> <span class='ocrx_word' id='word_1_73' title='bbox 1087 659 1185 701; x_wconf 85' lang='lat' dir='ltr'>cusi.</span> 
     </span>
    </p>

    <p class='ocr_par' dir='ltr' id='par_1_3' title="bbox 164 715 1551 1996">
     <span class='ocr_line' id='line_1_11' title="bbox 297 715 1544 772; baseline 0.002 -16"><span class='ocrx_word' id='word_1_74' title='bbox 297 718 382 757; x_wconf 81' lang='lat' dir='ltr'>lam</span> <span class='ocrx_word' id='word_1_75' title='bbox 414 727 535 772; x_wconf 84' lang='lat' dir='ltr'>supra</span> <span class='ocrx_word' id='word_1_76' title='bbox 567 718 780 770; x_wconf 78' lang='lat' dir='ltr'>diximus,</span> <span class='ocrx_word' id='word_1_77' title='bbox 810 718 1008 759; x_wconf 85' lang='lat' dir='ltr'>Thermas</span> <span class='ocrx_word' id='word_1_78' title='bbox 1041 718 1165 759; x_wconf 86' lang='lat' dir='ltr'>fuisse</span> <span class='ocrx_word' id='word_1_79' title='bbox 1198 718 1239 758; x_wconf 90' lang='lat' dir='ltr'>in</span> <span class='ocrx_word' id='word_1_80' title='bbox 1273 717 1417 759; x_wconf 84' lang='lat' dir='ltr'>eodem</span> <span class='ocrx_word' id='word_1_81' title='bbox 1450 715 1544 759; x_wconf 85' lang='lat' dir='ltr'>loco</span> 
     </span>
     <span class='ocr_line' id='line_1_12' title="bbox 178 774 1541 834; baseline 0.002 -20"><span class='ocrx_word' id='word_1_82' title='bbox 178 774 297 826; x_wconf 79' lang='lat' dir='ltr'>sitas,</span> <span class='ocrx_word' id='word_1_83' title='bbox 331 790 414 830; x_wconf 88' lang='lat' dir='ltr'>quo</span> <span class='ocrx_word' id='word_1_84' title='bbox 448 786 486 815; x_wconf 89' lang='lat' dir='ltr'>et</span> <span class='ocrx_word' id='word_1_85' title='bbox 517 776 804 834; x_wconf 82' lang='lat' dir='ltr'>Gymnasium.</span> <span class='ocrx_word' id='word_1_86' title='bbox 836 777 1029 828; x_wconf 79' lang='lat' dir='ltr'>Celanus,</span> <span class='ocrx_word' id='word_1_87' title='bbox 1065 776 1210 817; x_wconf 87' lang='lat' dir='ltr'>Giorn.</span> <span class='ocrx_word' id='word_1_88' title='bbox 1245 776 1318 818; x_wconf 85' lang='lat'>111.</span> <span class='ocrx_word' id='word_1_89' title='bbox 1352 791 1447 832; x_wconf 81' lang='lat' dir='ltr'>prae</span> <span class='ocrx_word' id='word_1_90' title='bbox 1481 791 1541 817; x_wconf 88' lang='lat' dir='ltr'>ce-</span> 
     </span>
     <span class='ocr_line' id='line_1_13' title="bbox 176 833 1541 891; baseline 0.003 -19"><span class='ocrx_word' id='word_1_91' title='bbox 176 833 271 873; x_wconf 80' lang='lat' dir='ltr'>teris</span> <span class='ocrx_word' id='word_1_92' title='bbox 303 834 438 888; x_wconf 84' lang='lat' dir='ltr'>patriis</span> <span class='ocrx_word' id='word_1_93' title='bbox 473 834 739 890; x_wconf 80' lang='lat' dir='ltr'>scriptoribus</span> <span class='ocrx_word' id='word_1_94' title='bbox 774 833 814 875; x_wconf 90' lang='lat' dir='ltr'>id</span> <span class='ocrx_word' id='word_1_95' title='bbox 848 834 990 891; x_wconf 83' lang='lat' dir='ltr'>probat</span> <span class='ocrx_word' id='word_1_96' title='bbox 1011 866 1024 888; x_wconf 78' lang='lat'>‚</span> <span class='ocrx_word' id='word_1_97' title='bbox 1058 844 1097 875; x_wconf 87' lang='lat' dir='ltr'>et</span> <span class='ocrx_word' id='word_1_98' title='bbox 1130 834 1215 888; x_wconf 87' lang='lat' dir='ltr'>ipse</span> <span class='ocrx_word' id='word_1_99' title='bbox 1244 835 1408 891; x_wconf 82' lang='lat' dir='ltr'>antiqua</span> <span class='ocrx_word' id='word_1_100' title='bbox 1423 835 1541 876; x_wconf 84' lang='lat' dir='ltr'>rude-</span> 
     </span>
     <span class='ocr_line' id='line_1_14' title="bbox 173 888 1540 948; baseline 0.003 -18"><span class='ocrx_word' id='word_1_101' title='bbox 173 906 216 930; x_wconf 82' lang='lat' dir='ltr'>ra</span> <span class='ocrx_word' id='word_1_102' title='bbox 251 888 290 930; x_wconf 87' lang='lat' dir='ltr'>in</span> <span class='ocrx_word' id='word_1_103' title='bbox 325 892 594 946; x_wconf 73' lang='lat' dir='ltr'>subterraneis</span> <span class='ocrx_word' id='word_1_104' title='bbox 631 893 776 934; x_wconf 80' lang='lat' dir='ltr'>vidisse</span> <span class='ocrx_word' id='word_1_105' title='bbox 821 902 1002 934; x_wconf 84' lang='lat' dir='ltr'>testatur.</span> <span class='ocrx_word' id='word_1_106' title='bbox 1049 896 1087 935; x_wconf 84' lang='lat' dir='ltr'><strong>A</strong></span> <span class='ocrx_word' id='word_1_107' title='bbox 1139 891 1306 933; x_wconf 79' lang='lat' dir='ltr'>Graecis</span> <span class='ocrx_word' id='word_1_108' title='bbox 1341 900 1486 948; x_wconf 75' lang='grc' dir='ltr'>Θέρμῆ,</span> <span class='ocrx_word' id='word_1_109' title='bbox 1519 909 1540 934; x_wconf 84' lang='lat' dir='ltr'>a</span> 
     </span>
     <span class='ocr_line' id='line_1_15' title="bbox 171 947 1542 1006; baseline 0.005 -20"><span class='ocrx_word' id='word_1_110' title='bbox 171 947 330 988; x_wconf 86' lang='lat' dir='ltr'>Latinis</span> <span class='ocrx_word' id='word_1_111' title='bbox 361 952 513 991; x_wconf 82' lang='lat' dir='ltr'><em>Balnea</em></span> <span class='ocrx_word' id='word_1_112' title='bbox 548 951 654 991; x_wconf 85' lang='lat' dir='ltr'>dicta</span> <span class='ocrx_word' id='word_1_113' title='bbox 694 952 818 991; x_wconf 85' lang='lat' dir='ltr'>fuere.</span> <span class='ocrx_word' id='word_1_114' title='bbox 858 949 1003 991; x_wconf 76' lang='lat' dir='ltr'>Strabo</span> <span class='ocrx_word' id='word_1_115' title='bbox 1035 951 1141 993; x_wconf 85' lang='lat' dir='ltr'>libro</span> <span class='ocrx_word' id='word_1_116' title='bbox 1191 953 1247 993; x_wconf 89' lang='lat' dir='ltr'>V.</span> <span class='ocrx_word' id='word_1_117' title='bbox 1282 954 1427 1006; x_wconf 79' lang='lat' dir='ltr'>Geogr.</span> <span class='ocrx_word' id='word_1_118' title='bbox 1462 966 1542 993; x_wconf 81' lang='lat' dir='ltr'>eas-</span> 
     </span>
     <span class='ocr_line' id='line_1_16' title="bbox 171 1003 1547 1050; baseline 0.004 -6"><span class='ocrx_word' id='word_1_119' title='bbox 171 1003 266 1045; x_wconf 86' lang='lat' dir='ltr'>dem</span> <span class='ocrx_word' id='word_1_120' title='bbox 307 1006 482 1047; x_wconf 77' lang='lat' dir='ltr'>maxime</span> <span class='ocrx_word' id='word_1_121' title='bbox 524 1007 797 1050; x_wconf 83' lang='lat' dir='ltr'>commendat.</span> <span class='ocrx_word' id='word_1_122' title='bbox 846 1007 1066 1050; x_wconf 86' lang='lat' dir='ltr'>Suetonius</span> <span class='ocrx_word' id='word_1_123' title='bbox 1113 1008 1234 1049; x_wconf 78' lang='lat' dir='ltr'>etiam</span> <span class='ocrx_word' id='word_1_124' title='bbox 1286 1010 1327 1050; x_wconf 90' lang='lat' dir='ltr'>in</span> <span class='ocrx_word' id='word_1_125' title='bbox 1381 1009 1547 1050; x_wconf 84' lang='lat' dir='ltr'>Nerone&#39;</span> 
     </span>
     <span class='ocr_line' id='line_1_17' title="bbox 171 1064 1550 1109; baseline 0.005 -7"><span class='ocrx_word' id='word_1_126' title='bbox 171 1077 204 1103; x_wconf 86' lang='lat' dir='ltr'>c.</span> <span class='ocrx_word' id='word_1_127' title='bbox 240 1076 293 1104; x_wconf 85' lang='lat'>20</span> <span class='ocrx_word' id='word_1_128' title='bbox 326 1064 545 1107; x_wconf 86' lang='lat' dir='ltr'>earundem</span> <span class='ocrx_word' id='word_1_129' title='bbox 577 1066 830 1108; x_wconf 82' lang='lat' dir='ltr'>mentionem</span> <span class='ocrx_word' id='word_1_130' title='bbox 858 1064 986 1106; x_wconf 79' lang='lat' dir='ltr'>facit:</span> <span class='ocrx_word' id='word_1_131' title='bbox 1018 1077 1157 1109; x_wconf 85' lang='lat' dir='ltr'>narrat</span> <span class='ocrx_word' id='word_1_132' title='bbox 1188 1066 1297 1108; x_wconf 86' lang='lat' dir='ltr'>enim</span> <span class='ocrx_word' id='word_1_133' title='bbox 1331 1067 1442 1107; x_wconf 84' lang='lat' dir='ltr'>hune</span> <span class='ocrx_word' id='word_1_134' title='bbox 1465 1068 1550 1109; x_wconf 89' lang='lat' dir='ltr'>Im-</span> 
     </span>
     <span class='ocr_line' id='line_1_18' title="bbox 174 1124 1548 1182; baseline 0.004 -21"><span class='ocrx_word' id='word_1_135' title='bbox 174 1131 405 1177; x_wconf 86' lang='lat' dir='ltr'>peratorem</span> <span class='ocrx_word' id='word_1_136' title='bbox 435 1124 654 1180; x_wconf 78' lang='lat' dir='ltr'>Neapolim</span> <span class='ocrx_word' id='word_1_137' title='bbox 675 1125 959 1166; x_wconf 78' lang='lat' dir='ltr'>advenientem</span> <span class='ocrx_word' id='word_1_138' title='bbox 991 1126 1173 1182; x_wconf 82' lang='lat' dir='ltr'>primum</span> <span class='ocrx_word' id='word_1_139' title='bbox 1190 1125 1230 1166; x_wconf 90' lang='lat' dir='ltr'>in</span> <span class='ocrx_word' id='word_1_140' title='bbox 1252 1125 1432 1167; x_wconf 87' lang='lat' dir='ltr'>Theatro</span> <span class='ocrx_word' id='word_1_141' title='bbox 1454 1140 1548 1167; x_wconf 85' lang='lat' dir='ltr'>ean-</span> 
     </span>
     <span class='ocr_line' id='line_1_19' title="bbox 170 1182 1551 1236; baseline 0.004 -17"><span class='ocrx_word' id='word_1_142' title='bbox 170 1189 275 1221; x_wconf 75' lang='lat' dir='ltr'>tasse</span> <span class='ocrx_word' id='word_1_143' title='bbox 297 1212 312 1232; x_wconf 85' lang='lat'><em>,</em></span> <span class='ocrx_word' id='word_1_144' title='bbox 350 1182 444 1222; x_wconf 86' lang='lat' dir='ltr'>hinc</span> <span class='ocrx_word' id='word_1_145' title='bbox 474 1183 525 1224; x_wconf 89' lang='lat' dir='ltr'>ad</span> <span class='ocrx_word' id='word_1_146' title='bbox 556 1184 754 1225; x_wconf 84' lang='lat' dir='ltr'>Thermas</span> <span class='ocrx_word' id='word_1_147' title='bbox 787 1184 1004 1225; x_wconf 75' lang='lat' dir='ltr'>transisse:</span> <span class='ocrx_word' id='word_1_148' title='bbox 1059 1200 1108 1226; x_wconf 90' lang='lat' dir='ltr'>en</span> <span class='ocrx_word' id='word_1_149' title='bbox 1157 1183 1337 1226; x_wconf 85' lang='lat' dir='ltr'>eiusdem</span> <span class='ocrx_word' id='word_1_150' title='bbox 1388 1184 1508 1226; x_wconf 81' lang='lat' dir='ltr'>verba</span> <span class='ocrx_word' id='word_1_151' title='bbox 1528 1195 1551 1236; x_wconf 67' lang='lat'>,¹</span> 
     </span>
     <span class='ocr_line' id='line_1_20' title="bbox 172 1240 1543 1300; baseline 0.004 -22"><span class='ocrx_word' id='word_1_152' title='bbox 172 1240 345 1294; x_wconf 63' lang='lat' dir='ltr'>Sumpta</span> <span class='ocrx_word' id='word_1_153' title='bbox 382 1242 510 1282; x_wconf 84' lang='lat' dir='ltr'>etiam</span> <span class='ocrx_word' id='word_1_154' title='bbox 541 1243 599 1284; x_wconf 83' lang='lat' dir='ltr'>ad</span> <span class='ocrx_word' id='word_1_155' title='bbox 633 1242 917 1298; x_wconf 65' lang='lat' dir='ltr'>reficiendam</span> <span class='ocrx_word' id='word_1_156' title='bbox 949 1257 1108 1284; x_wconf 78' lang='lat' dir='ltr'>vocem</span> <span class='ocrx_word' id='word_1_157' title='bbox 1154 1245 1279 1285; x_wconf 84' lang='lat' dir='ltr'>brevi</span> <span class='ocrx_word' id='word_1_158' title='bbox 1320 1254 1543 1300; x_wconf 62' lang='lat' dir='ltr'>tempor-eg</span> 
     </span>
     <span class='ocr_line' id='line_1_21' title="bbox 170 1298 1549 1355; baseline 0.004 -19"><span class='ocrx_word' id='word_1_159' title='bbox 170 1298 401 1351; x_wconf 75' lang='lat' dir='ltr'>impatiens</span> <span class='ocrx_word' id='word_1_160' title='bbox 440 1303 599 1342; x_wconf 79' lang='lat' dir='ltr'>secreti</span> <span class='ocrx_word' id='word_1_161' title='bbox 628 1317 656 1342; x_wconf 85' lang='lat' dir='ltr'><em>a</em></span> <span class='ocrx_word' id='word_1_162' title='bbox 681 1302 854 1347; x_wconf 69' lang='lat' dir='ltr'>,balneis</span> <span class='ocrx_word' id='word_1_163' title='bbox 893 1301 956 1342; x_wconf 85' lang='lat' dir='ltr'>ad</span> <span class='ocrx_word' id='word_1_164' title='bbox 994 1302 1228 1345; x_wconf 76' lang='lat' dir='ltr'>Theatrum</span> <span class='ocrx_word' id='word_1_165' title='bbox 1266 1305 1432 1355; x_wconf 66' lang='lat' dir='ltr'>transit,</span> <span class='ocrx_word' id='word_1_166' title='bbox 1459 1318 1549 1343; x_wconf 87' lang='lat' dir='ltr'>me·</span> 
     </span>
     <span class='ocr_line' id='line_1_22' title="bbox 172 1355 1549 1418; baseline 0.004 -23"><span class='ocrx_word' id='word_1_167' title='bbox 172 1355 331 1413; x_wconf 67' lang='lat' dir='ltr'>diuque</span> <span class='ocrx_word' id='word_1_168' title='bbox 365 1363 407 1399; x_wconf 84' lang='lat' dir='ltr'>in</span> <span class='ocrx_word' id='word_1_169' title='bbox 443 1361 696 1410; x_wconf 77' lang='lat' dir='ltr'>orchestra,</span> <span class='ocrx_word' id='word_1_170' title='bbox 724 1362 956 1418; x_wconf 76' lang='lat' dir='ltr'>frequente</span> <span class='ocrx_word' id='word_1_171' title='bbox 981 1363 1150 1416; x_wconf 78' lang='lat' dir='ltr'>populo</span> <span class='ocrx_word' id='word_1_172' title='bbox 1186 1364 1397 1417; x_wconf 79' lang='lat' dir='ltr'>epulatus.</span> <span class='ocrx_word' id='word_1_173' title='bbox 1417 1361 1549 1402; x_wconf 82' lang='lat' dir='ltr'>‘Haec</span> 
     </span>
     <span class='ocr_line' id='line_1_23' title="bbox 168 1415 1546 1475; baseline 0.004 -22"><span class='ocrx_word' id='word_1_174' title='bbox 168 1428 264 1454; x_wconf 83' lang='lat' dir='ltr'>vero</span> <span class='ocrx_word' id='word_1_175' title='bbox 299 1415 439 1458; x_wconf 78' lang='lat' dir='ltr'>balnea</span> <span class='ocrx_word' id='word_1_176' title='bbox 471 1418 625 1474; x_wconf 84' lang='lat' dir='ltr'>duplici</span> <span class='ocrx_word' id='word_1_177' title='bbox 657 1418 772 1459; x_wconf 84' lang='lat' dir='ltr'>fuere</span> <span class='ocrx_word' id='word_1_178' title='bbox 802 1419 932 1475; x_wconf 86' lang='lat' dir='ltr'>specie</span> <span class='ocrx_word' id='word_1_179' title='bbox 955 1451 971 1472; x_wconf 68' lang='lat'><em>7</em></span> <span class='ocrx_word' id='word_1_180' title='bbox 1006 1420 1203 1462; x_wconf 83' lang='lat' dir='ltr'>naturalia</span> <span class='ocrx_word' id='word_1_181' title='bbox 1237 1436 1399 1475; x_wconf 77' lang='lat' dir='ltr'>nempe,</span> <span class='ocrx_word' id='word_1_182' title='bbox 1426 1430 1463 1459; x_wconf 87' lang='lat' dir='ltr'>et</span> <span class='ocrx_word' id='word_1_183' title='bbox 1486 1435 1546 1460; x_wconf 81' lang='lat' dir='ltr'>ar-</span> 
     </span>
     <span class='ocr_line' id='line_1_24' title="bbox 166 1471 1544 1535; baseline 0.004 -24"><span class='ocrx_word' id='word_1_184' title='bbox 166 1471 353 1515; x_wconf 80' lang='lat' dir='ltr'>tificialia.</span> <span class='ocrx_word' id='word_1_185' title='bbox 387 1478 598 1518; x_wconf 77' lang='lat' dir='ltr'>Naturalia</span> <span class='ocrx_word' id='word_1_186' title='bbox 629 1476 694 1518; x_wconf 79' lang='lat' dir='ltr'>illa</span> <span class='ocrx_word' id='word_1_187' title='bbox 727 1476 870 1527; x_wconf 82' lang='lat' dir='ltr'>fuere,</span> <span class='ocrx_word' id='word_1_188' title='bbox 901 1492 1003 1535; x_wconf 86' lang='lat' dir='ltr'>quae</span> <span class='ocrx_word' id='word_1_189' title='bbox 1034 1480 1181 1533; x_wconf 83' lang='lat' dir='ltr'>passim</span> <span class='ocrx_word' id='word_1_190' title='bbox 1209 1479 1246 1518; x_wconf 88' lang='lat' dir='ltr'>in</span> <span class='ocrx_word' id='word_1_191' title='bbox 1263 1489 1394 1520; x_wconf 80' lang='lat' dir='ltr'>nostra</span> <span class='ocrx_word' id='word_1_192' title='bbox 1417 1479 1544 1531; x_wconf 79' lang='lat' dir='ltr'>regio-</span> 
     </span>
     <span class='ocr_line' id='line_1_25' title="bbox 167 1535 1545 1592; baseline 0.004 -22"><span class='ocrx_word' id='word_1_193' title='bbox 167 1545 254 1581; x_wconf 86' lang='lat' dir='ltr'>ne,</span> <span class='ocrx_word' id='word_1_194' title='bbox 287 1543 325 1573; x_wconf 84' lang='lat' dir='ltr'>et</span> <span class='ocrx_word' id='word_1_195' title='bbox 359 1535 572 1590; x_wconf 80' lang='lat' dir='ltr'>praecipue</span> <span class='ocrx_word' id='word_1_196' title='bbox 615 1551 737 1588; x_wconf 85' lang='lat' dir='ltr'>super</span> <span class='ocrx_word' id='word_1_197' title='bbox 783 1536 1101 1592; x_wconf 79' lang='lat' dir='ltr'>Neapolitanum</span> <span class='ocrx_word' id='word_1_198' title='bbox 1152 1538 1359 1578; x_wconf 69' lang='lat' dir='ltr'>craterem</span> <span class='ocrx_word' id='word_1_199' title='bbox 1410 1537 1545 1579; x_wconf 64' lang='lat' dir='ltr'>adhuc</span> 
     </span>
     <span class='ocr_line' id='line_1_26' title="bbox 167 1589 1543 1650; baseline 0.007 -23"><span class='ocrx_word' id='word_1_200' title='bbox 167 1589 461 1645; x_wconf 70' lang='lat' dir='ltr'>adservantur-5</span> <span class='ocrx_word' id='word_1_201' title='bbox 496 1593 716 1635; x_wconf 82' lang='lat' dir='ltr'>artificialia</span> <span class='ocrx_word' id='word_1_202' title='bbox 751 1609 846 1635; x_wconf 88' lang='lat' dir='ltr'>vero</span> <span class='ocrx_word' id='word_1_203' title='bbox 880 1595 946 1635; x_wconf 80' lang='lat' dir='ltr'>illa</span> <span class='ocrx_word' id='word_1_204' title='bbox 967 1625 977 1644; x_wconf 89' lang='lat'>‚</span> <span class='ocrx_word' id='word_1_205' title='bbox 1012 1610 1116 1650; x_wconf 83' lang='lat' dir='ltr'>quae</span> <span class='ocrx_word' id='word_1_206' title='bbox 1150 1597 1199 1635; x_wconf 77' lang='lat' dir='ltr'>ab</span> <span class='ocrx_word' id='word_1_207' title='bbox 1232 1596 1474 1644; x_wconf 76' lang='lat' dir='ltr'>Graiorum,</span> <span class='ocrx_word' id='word_1_208' title='bbox 1503 1607 1543 1635; x_wconf 80' lang='lat' dir='ltr'>et</span> 
     </span>
     <span class='ocr_line' id='line_1_27' title="bbox 164 1645 1544 1709; baseline 0.004 -21"><span class='ocrx_word' id='word_1_209' title='bbox 164 1645 449 1691; x_wconf 81' lang='lat' dir='ltr'>Romanorum</span> <span class='ocrx_word' id='word_1_210' title='bbox 484 1663 601 1704; x_wconf 77' lang='lat' dir='ltr'>arte,</span> <span class='ocrx_word' id='word_1_211' title='bbox 640 1654 736 1693; x_wconf 78' lang='lat' dir='ltr'>luxu</span> <span class='ocrx_word' id='word_1_212' title='bbox 770 1652 921 1709; x_wconf 82' lang='lat' dir='ltr'>ubique</span> <span class='ocrx_word' id='word_1_213' title='bbox 952 1653 1106 1695; x_wconf 80' lang='lat' dir='ltr'>diffuso</span> <span class='ocrx_word' id='word_1_214' title='bbox 1132 1686 1142 1706; x_wconf 88' lang='lat'>,</span> <span class='ocrx_word' id='word_1_215' title='bbox 1175 1656 1214 1694; x_wconf 85' lang='lat' dir='ltr'>in</span> <span class='ocrx_word' id='word_1_216' title='bbox 1249 1655 1324 1694; x_wconf 77' lang='lat' dir='ltr'>hac</span> <span class='ocrx_word' id='word_1_217' title='bbox 1358 1655 1455 1695; x_wconf 82' lang='lat' dir='ltr'>urbe</span> <span class='ocrx_word' id='word_1_218' title='bbox 1477 1671 1544 1693; x_wconf 46' lang='lat' dir='ltr'>at«-</span> 
     </span>
     <span class='ocr_line' id='line_1_28' title="bbox 166 1705 1542 1769; baseline 0.007 -26"><span class='ocrx_word' id='word_1_219' title='bbox 166 1705 323 1747; x_wconf 64' lang='lat' dir='ltr'>dificata</span> <span class='ocrx_word' id='word_1_220' title='bbox 358 1709 483 1752; x_wconf 85' lang='lat' dir='ltr'>suere.</span> <span class='ocrx_word' id='word_1_221' title='bbox 518 1712 670 1754; x_wconf 78' lang='lat' dir='ltr'>Eadem</span> <span class='ocrx_word' id='word_1_222' title='bbox 702 1723 837 1753; x_wconf 81' lang='lat' dir='ltr'>autem</span> <span class='ocrx_word' id='word_1_223' title='bbox 871 1711 1144 1769; x_wconf 84' lang='lat' dir='ltr'>Gymnasium</span> <span class='ocrx_word' id='word_1_224' title='bbox 1180 1728 1309 1769; x_wconf 86' lang='lat' dir='ltr'>prope</span> <span class='ocrx_word' id='word_1_225' title='bbox 1354 1712 1542 1767; x_wconf 72' lang='lat' dir='ltr'>erigenda</span> 
     </span>
     <span class='ocr_line' id='line_1_29' title="bbox 167 1769 1542 1826; baseline 0.008 -26"><span class='ocrx_word' id='word_1_226' title='bbox 167 1776 354 1805; x_wconf 72' lang='lat' dir='ltr'>curatum</span> <span class='ocrx_word' id='word_1_227' title='bbox 389 1777 472 1807; x_wconf 75' lang='lat' dir='ltr'>est:</span> <span class='ocrx_word' id='word_1_228' title='bbox 507 1769 611 1809; x_wconf 80' lang='lat' dir='ltr'>circa</span> <span class='ocrx_word' id='word_1_229' title='bbox 643 1784 764 1824; x_wconf 84' lang='lat' dir='ltr'>quem</span> <span class='ocrx_word' id='word_1_230' title='bbox 799 1771 936 1811; x_wconf 87' lang='lat' dir='ltr'>locum</span> <span class='ocrx_word' id='word_1_231' title='bbox 967 1770 1103 1811; x_wconf 85' lang='lat' dir='ltr'>adhuc</span> <span class='ocrx_word' id='word_1_232' title='bbox 1125 1770 1459 1826; x_wconf 71' lang='lat' dir='ltr'>insubterraneis</span> <span class='ocrx_word' id='word_1_233' title='bbox 1481 1782 1542 1811; x_wconf 64' lang='lat' dir='ltr'>tu⁴</span> 
     </span>
     <span class='ocr_line' id='line_1_30' title="bbox 167 1819 1539 1882; baseline 0.006 -21"><span class='ocrx_word' id='word_1_234' title='bbox 167 1819 239 1861; x_wconf 58' lang='lat' dir='ltr'>bos</span> <span class='ocrx_word' id='word_1_235' title='bbox 262 1853 274 1872; x_wconf 84' lang='lat'><strong>‚</strong></span> <span class='ocrx_word' id='word_1_236' title='bbox 308 1834 346 1863; x_wconf 89' lang='lat' dir='ltr'>et</span> <span class='ocrx_word' id='word_1_237' title='bbox 379 1824 532 1866; x_wconf 74' lang='lat' dir='ltr'>fistulas</span> <span class='ocrx_word' id='word_1_238' title='bbox 565 1827 688 1880; x_wconf 85' lang='lat' dir='ltr'>olim,</span> <span class='ocrx_word' id='word_1_239' title='bbox 721 1837 760 1867; x_wconf 84' lang='lat' dir='ltr'>et</span> <span class='ocrx_word' id='word_1_240' title='bbox 791 1825 1022 1868; x_wconf 83' lang='lat' dir='ltr'>aedificium</span> <span class='ocrx_word' id='word_1_241' title='bbox 1072 1828 1280 1882; x_wconf 78' lang='lat' dir='ltr'>quoddam</span> <span class='ocrx_word' id='word_1_242' title='bbox 1332 1840 1539 1869; x_wconf 82' lang='lat' dir='ltr'>vetustum</span> 
     </span>
     <span class='ocr_line' id='line_1_31' title="bbox 167 1878 1541 1941; baseline 0.007 -23"><span class='ocrx_word' id='word_1_243' title='bbox 167 1878 217 1918; x_wconf 71' lang='lat' dir='ltr'>ad</span> <span class='ocrx_word' id='word_1_244' title='bbox 251 1882 503 1925; x_wconf 80' lang='lat' dir='ltr'>thermarum</span> <span class='ocrx_word' id='word_1_245' title='bbox 536 1885 712 1926; x_wconf 82' lang='lat' dir='ltr'>formam</span> <span class='ocrx_word' id='word_1_246' title='bbox 745 1885 993 1941; x_wconf 85' lang='lat' dir='ltr'>adspectasse</span> <span class='ocrx_word' id='word_1_247' title='bbox 1024 1884 1201 1926; x_wconf 77' lang='lat' dir='ltr'>Celanus</span> <span class='ocrx_word' id='word_1_248' title='bbox 1231 1886 1338 1927; x_wconf 83' lang='lat' dir='ltr'>idem</span> <span class='ocrx_word' id='word_1_249' title='bbox 1371 1898 1541 1928; x_wconf 83' lang='lat' dir='ltr'>testatur</span> 
     </span>
     <span class='ocr_line' id='line_1_32' title="bbox 164 1936 1203 1996; baseline 0.008 -21"><span class='ocrx_word' id='word_1_250' title='bbox 164 1936 330 1980; x_wconf 78' lang='lat' dir='ltr'>ibidem·</span> <span class='ocrx_word' id='word_1_251' title='bbox 1195 1970 1203 1996; x_wconf 69' lang='lat'><strong>4</strong></span> 
     </span>
    </p>

    <p class='ocr_par' dir='ltr' id='par_1_4' title="bbox 163 1997 1537 2356">
     <span class='ocr_line' id='line_1_33' title="bbox 282 1997 1535 2060; baseline 0.005 -21"><span class='ocrx_word' id='word_1_252' title='bbox 282 2001 366 2041; x_wconf 83' lang='lat' dir='ltr'>Has</span> <span class='ocrx_word' id='word_1_253' title='bbox 386 2016 479 2042; x_wconf 88' lang='lat' dir='ltr'>vero</span> <span class='ocrx_word' id='word_1_254' title='bbox 496 2002 694 2043; x_wconf 78' lang='lat' dir='ltr'>Thermas</span> <span class='ocrx_word' id='word_1_255' title='bbox 712 2001 760 2043; x_wconf 84' lang='lat' dir='ltr'>ad</span> <span class='ocrx_word' id='word_1_256' title='bbox 781 1997 998 2060; x_wconf 80' lang='lat' dir='ltr'>Gymnasii</span> <span class='ocrx_word' id='word_1_257' title='bbox 1025 1997 1332 2043; x_wconf 71' lang='lat' dir='ltr'>similitudinem</span> <span class='ocrx_word' id='word_1_258' title='bbox 1352 2015 1535 2045; x_wconf 84' lang='lat' dir='ltr'>constru-</span> 
     </span>
     <span class='ocr_line' id='line_1_34' title="bbox 166 2058 1537 2117; baseline 0.007 -24"><span class='ocrx_word' id='word_1_259' title='bbox 166 2066 248 2095; x_wconf 65' lang='lat' dir='ltr'>etas</span> <span class='ocrx_word' id='word_1_260' title='bbox 281 2058 383 2099; x_wconf 76' lang='lat' dir='ltr'>fama</span> <span class='ocrx_word' id='word_1_261' title='bbox 418 2071 475 2100; x_wconf 86' lang='lat' dir='ltr'>est</span> <span class='ocrx_word' id='word_1_262' title='bbox 497 2076 510 2100; x_wconf 88' lang='lat'>:-</span> <span class='ocrx_word' id='word_1_263' title='bbox 543 2076 610 2101; x_wconf 84' lang='lat' dir='ltr'>eae</span> <span class='ocrx_word' id='word_1_264' title='bbox 645 2077 788 2117; x_wconf 85' lang='lat' dir='ltr'>nempe</span> <span class='ocrx_word' id='word_1_265' title='bbox 835 2059 1033 2116; x_wconf 82' lang='lat' dir='ltr'>quaedam</span> <span class='ocrx_word' id='word_1_266' title='bbox 1085 2063 1264 2117; x_wconf 68' lang='lat' dir='ltr'>porticus</span> <span class='ocrx_word' id='word_1_267' title='bbox 1311 2074 1457 2113; x_wconf 79' lang='lat' dir='ltr'>erant,</span> <span class='ocrx_word' id='word_1_268' title='bbox 1497 2065 1537 2103; x_wconf 85' lang='lat' dir='ltr'>iu</span> 
     </span>
     <span class='ocr_line' id='line_1_35' title="bbox 164 2113 1536 2173; baseline 0.007 -20"><span class='ocrx_word' id='word_1_269' title='bbox 164 2113 313 2166; x_wconf 82' lang='lat' dir='ltr'>quibus</span> <span class='ocrx_word' id='word_1_270' title='bbox 346 2129 502 2171; x_wconf 82' lang='lat' dir='ltr'>praeter</span> <span class='ocrx_word' id='word_1_271' title='bbox 535 2121 767 2160; x_wconf 77' lang='lat' dir='ltr'>innumeras</span> <span class='ocrx_word' id='word_1_272' title='bbox 800 2134 974 2160; x_wconf 75' lang='lat' dir='ltr'>cameras</span> <span class='ocrx_word' id='word_1_273' title='bbox 1004 2118 1054 2159; x_wconf 79' lang='lat' dir='ltr'>ad</span> <span class='ocrx_word' id='word_1_274' title='bbox 1087 2121 1205 2173; x_wconf 82' lang='lat' dir='ltr'>ignis,</span> <span class='ocrx_word' id='word_1_275' title='bbox 1243 2131 1281 2161; x_wconf 88' lang='lat' dir='ltr'>et</span> <span class='ocrx_word' id='word_1_276' title='bbox 1297 2119 1536 2164; x_wconf 78' lang='lat' dir='ltr'>balneorum</span> 
     </span>
     <span class='ocr_line' id='line_1_36' title="bbox 163 2177 1536 2233; baseline 0.008 -23"><span class='ocrx_word' id='word_1_277' title='bbox 163 2185 312 2224; x_wconf 51' lang='lat' dir='ltr'>naum,</span> <span class='ocrx_word' id='word_1_278' title='bbox 352 2177 509 2218; x_wconf 82' lang='lat' dir='ltr'>hiemali</span> <span class='ocrx_word' id='word_1_279' title='bbox 543 2187 723 2233; x_wconf 80' lang='lat' dir='ltr'>tempore</span> <span class='ocrx_word' id='word_1_280' title='bbox 769 2179 962 2218; x_wconf 74' lang='lat' dir='ltr'>iuvenum</span> <span class='ocrx_word' id='word_1_281' title='bbox 1011 2177 1160 2219; x_wconf 85' lang='lat' dir='ltr'>fiebant</span> <span class='ocrx_word' id='word_1_282' title='bbox 1207 2180 1420 2220; x_wconf 78' lang='lat' dir='ltr'>certamina</span> <span class='ocrx_word' id='word_1_283' title='bbox 1444 2211 1458 2231; x_wconf 83' lang='grc'>,</span> <span class='ocrx_word' id='word_1_284' title='bbox 1498 2192 1536 2221; x_wconf 83' lang='lat' dir='ltr'>et</span> 
     </span>
     <span class='ocr_line' id='line_1_37' title="bbox 164 2229 1535 2294; baseline 0.009 -26"><span class='ocrx_word' id='word_1_285' title='bbox 164 2229 380 2287; x_wconf 71' lang='lat' dir='ltr'>aliquando</span> <span class='ocrx_word' id='word_1_286' title='bbox 411 2237 529 2278; x_wconf 82' lang='lat' dir='ltr'>etiam</span> <span class='ocrx_word' id='word_1_287' title='bbox 565 2239 766 2292; x_wconf 83' lang='lat' dir='ltr'>gymnica.</span> <span class='ocrx_word' id='word_1_288' title='bbox 802 2237 947 2292; x_wconf 82' lang='lat' dir='ltr'>Magna</span> <span class='ocrx_word' id='word_1_289' title='bbox 978 2236 1072 2277; x_wconf 89' lang='lat' dir='ltr'>inde</span> <span class='ocrx_word' id='word_1_290' title='bbox 1113 2247 1151 2277; x_wconf 88' lang='lat' dir='ltr'>et</span> <span class='ocrx_word' id='word_1_291' title='bbox 1199 2240 1371 2294; x_wconf 73' lang='lat' dir='ltr'>spatiosa</span> <span class='ocrx_word' id='word_1_292' title='bbox 1420 2252 1535 2281; x_wconf 81' lang='lat' dir='ltr'>erant</span> 
     </span>
     <span class='ocr_line' id='line_1_38' title="bbox 163 2286 1532 2356; baseline 0.007 -24"><span class='ocrx_word' id='word_1_293' title='bbox 163 2286 248 2332; x_wconf 72' lang='lat' dir='ltr'>loca</span> <span class='ocrx_word' id='word_1_294' title='bbox 284 2293 335 2336; x_wconf 82' lang='lat' dir='ltr'>ad</span> <span class='ocrx_word' id='word_1_295' title='bbox 365 2294 529 2339; x_wconf 79' lang='lat' dir='ltr'>iuvenes</span> <span class='ocrx_word' id='word_1_296' title='bbox 563 2297 807 2340; x_wconf 79' lang='lat' dir='ltr'>exercendos</span> <span class='ocrx_word' id='word_1_297' title='bbox 832 2297 873 2339; x_wconf 88' lang='lat' dir='ltr'>iu</span> <span class='ocrx_word' id='word_1_298' title='bbox 911 2294 1054 2356; x_wconf 77' lang='lat' dir='ltr'>lucta,</span> <span class='ocrx_word' id='word_1_299' title='bbox 1090 2296 1193 2340; x_wconf 83' lang='lat' dir='ltr'>saltu</span> <span class='ocrx_word' id='word_1_300' title='bbox 1216 2329 1230 2348; x_wconf 85' lang='lat'>‚</span> <span class='ocrx_word' id='word_1_301' title='bbox 1272 2299 1437 2355; x_wconf 81' lang='lat' dir='ltr'>aliisque</span> <span class='ocrx_word' id='word_1_302' title='bbox 1489 2300 1532 2341; x_wconf 84' lang='lat' dir='ltr'>id</span> 
     </span>
    </p>
   </div>
   <div class='ocr_carea' id='block_1_3' title="bbox 1583 709 1721 738">
    <p class='ocr_par' dir='ltr' id='par_1_5' title="bbox 1583 709 1721 738">
     <span class='ocr_line' id='line_1_39' title="bbox 1583 709 1721 738; baseline 0.014 -3"><span class='ocrx_word' id='word_1_303' title='bbox 1583 709 1721 738; x_wconf 70' lang='lat' dir='ltr'>Thermae.</span> 
     </span>
    </p>
   </div>
  </div>
 </body>
</html>
