1920 2579
172 665 306 692 &tn-«hus,

369 137 445 189 178
1054 167 1058 168 γ

363 209 445 235 esse
477 191 658 237 videtur.-
691 207 794 250 quae
826 191 959 242 insula
1002 191 1053 235 ad
1101 193 1313 238 meridiem
1343 196 1473 239 locata
1504 209 1525 236 a
1567 199 1740 255 *Neapoli

362 252 489 294 XXX
521 252 680 293 circiter
715 252 774 296 M.
809 253 854 294 P.
889 252 1026 298 distat.
1060 253 1356 311 Neapolitanus
1388 255 1531 299 Crater
1562 257 1739 305 LXXII.

362 310 419 352 Μ.
456 313 499 353 Ρ.
536 328 555 352 a
590 311 877 367 promontorio
912 314 1120 355 Minervae
1167 313 1221 356 ad
1252 324 1484 358 extremum
1531 316 1740 375 Pausilypi

359 371 628 426 promontorii
665 371 1055 419 circuitum-habet,
1089 373 1290 416 Sebhetus
1308 375 1576 433 perantiquus
1611 374 1735 420 Cam'-

356 431 499 485 ,paniae
531 430 683 472 fluvius
716 431 1047 488 aquispeuper,
1087 431 1190 475 fama
1228 432 1340 476 dives
1373 434 1567 492 Neapolis
1620 449 1731 478 moe-

361 488 425 531 nia
446 490 792 546 praeterlabitur,
824 492 1011 547 quamvis
1044 492 1433 535 nonnullisabhinc
1465 492 1631 536 saeculis
1664 511 1735 552 per

356 549 558 604 quosdam
590 549 726 593 fluitat
773 550 935 596 rivolos,
972 552 1042 594 'Et
1084 550 1421 610 quandoquidem
1463 554 1512 595 de
1552 552 1731 597 Sebetho

352 609 608 650 menzionem
640 609 809 652 fecimus
832 641 844 660 ,
875 611 986 655 iuvat
1018 610 1108 653 heic
1141 611 1219 653 loci
1266 612 1464 664 nonnulla
1504 613 1730 654 enucleare.

478 666 682 710 Omnium
717 669 902 725 primum
952 670 1365 718 animadvertendum
1412 672 1615 722 arbitror,
1651 672 1729 714 ssu-

355 726 487 778 vium,
518 742 643 783 quem
674 730 794 783 vulgo
826 729 983 770 incolae
1002 729 1161 775 ,dicunt
1192 729 1542 788 Sebelo,quique
1573 732 1733 787 Neapo-

348 783 423 825 -lim
458 801 587 842 prope
621 785 802 830 decurrit
833 789 875 828 in
907 786 1030 844 loco,
1065 803 1189 845 quem
1223 790 1353 847 patria
1393 789 1534 846 lingua
1580 789 1732 831 vocita-

351 860 443 886 mus
472 849 600 888 Ponte
629 847 735 891 della
752 848 1013 900 Maddaleuu,
1032 862 1114 889 esse
1147 863 1279 890 unum
1313 863 1335 891 e
1366 849 1530 891 Sebethi
1562 849 1683 890 alveis
1706 881 1722 902 ,

347 904 535 960 quamvis
564 904 723 961 antiqui
768 906 907 948 ‘amnis
955 921 1099 949 cursus
1130 908 1302 950 omniuo
1355 901 1435 950 fuit
1476 906 1727 964 deperditus.

345 965 458 1006 Hinc
490 964 621 1007 etiamr
645 964 756 1005 illam
776 964 952 1006 ,Sebethi
987 976 1149 1021 partem
1181 966 1352 1023 quidam
1383 967 1616 1009 Rubeolum
1652 968 1721 1026 (1)

344 1022 616 1080 appellarunt.
668 1022 970 1065 Celeberrimus
1007 1023 1119 1080 apud
1159 1034 1314 1066 veteres
1363 1024 1470 1079 fuit,
1519 1025 1720 1082 illumque

341 1097 471 1139 prope
500 1083 720 1139 Neapolim
752 1082 978 1126 decurrisse
1008 1082 1119 1125 fama
1140 1093 1220 1126 est:
1253 1092 1296 1126 at
1344 1094 1522 1140 praestat
1569 1083 1719 1134 videre,

340 1151 484 1183 utrum
532 1141 726 1199 Neapolis
770 1144 901 1200 posita
949 1143 1075 1184 fuerit
1125 1156 1173 1184 eo
1219 1140 1311 1184 loco
1346 1173 1358 1195 7
1390 1141 1431 1182 in
1482 1157 1568 1199 quo
1616 1157 1729 1183 nune

340 1209 413 1244 est.
449 1202 651 1243 Vetustae
680 1202 792 1243 urbis
827 1203 926 1244 situs
963 1202 1028 1259 (ut
1060 1200 1230 1242 inferius
1261 1200 1464 1255 dicemus)
1500 1201 1623 1258 supra
1644 1201 1728 1242 col·

336 1260 393 1301 les
433 1270 554 1310 erat,
587 1271 633 1301 ut
664 1276 786 1318 supra
817 1259 855 1301 S.
894 1259 1082 1317 Agnelli,
1111 1269 1151 1301 et
1184 1259 1228 1304 S.
1268 1259 1448 1302 Severini
1485 1259 1609 1301 clivos
1637 1259 1720 1318 (2).

455 1318 596 1360 Plures
635 1334 731 1361 vero
776 1319 896 1377 patrii
949 1320 1168 1377 scriptores
1217 1330 1436 1373 asserunt,
1488 1318 1719 1361 Sebethum

334 1391 464 1434 prope
494 1377 767 1435 Neapolitana
802 1379 1026 1421 excurrisse
1062 1378 1254 1430 moenia,
1294 1377 1448 1436 quibus
1488 1377 1600 1419 haud
1647 1376 1717 1419 ad-

334 1437 496 1478 sentior.
530 1436 787 1480 Graecorum
807 1470 820 1489 ‚
860 1449 900 1479 et
932 1438 1220 1480 Romanorum
1251 1452 1350 1480 aevo
1379 1437 1529 1479 fluvius
1551 1437 1624 1478 iste
1645 1436 1718 1477 ali-

335 1495 583 1551 quantulum
626 1496 677 1539 ab
717 1497 817 1538 urbe
857 1497 1062 1551 distabat,
1106 1511 1205 1539 cum
1236 1507 1443 1539 vetustum
1480 1495 1652 1554 opidum
1676 1495 1718 1536 in

332 1668 523 1704 Ermicum
566 1671 858 1718 promontorium
897 1682 981 1705 cum
1026 1669 1270 1720 Pausilypano
1312 1682 1418 1718 supra
1448 1667 1546 1718 quod
1591 1668 1711 1717 plures

333 1726 433 1754 eraut
462 1718 592 1764 villae,
623 1727 662 1756 ut
689 1720 748 1755 illa
778 1719 884 1756 Vedii
918 1720 1092 1757 Pollionis
1112 1747 1121 1763 ,
1149 1719 1321 1766 Luculli,
1350 1719 1582 1768 aliorumque
1612 1720 1715 1754 nobi-

331 1770 421 1804 lium
449 1769 712 1808 Romanorum.
741 1771 839 1806 Hinc
865 1771 1009 1808 Puteoli
1033 1797 1043 1814 ‚
1072 1771 1181 1805 Baiae
1203 1798 1214 1815 ‚
1244 1777 1279 1806 et
1305 1770 1508 1806 Misenensc
1543 1782 1713 1819 promon-

332 1821 465 1855 torium
493 1832 576 1854 cum
604 1820 850 1856 adiacentibus
880 1822 1008 1857 insulis
1040 1821 1186 1855 Inarimi
1209 1848 1219 1865 ,
1252 1830 1287 1856 et
1315 1820 1441 1856 Pithec
1514 1847 1522 1856 .

434 1869 493 1919 (ι)
522 1869 580 1907 Cl.
609 1870 833 1907 Iustinianns
862 1871 897 1906 in
925 1870 1085 1908 Dietion.
1111 1870 1328 1907 Fluminum
1357 1877 1431 1906 etcff
1453 1871 1557 1907 artic.
1588 1868 1707 1905 Sebe-

330 1928 367 1956 το
393 1919 580 1956 evidenter
606 1922 732 1969 probat
754 1951 764 1967 ,
793 1922 892 1958 hunc
920 1923 1076 1958 fluvium
1118 1922 1156 1956 in
1197 1921 1338 1957 Charus
1365 1920 1479 1956 Medii
1519 1921 1612 1959 AEvir
1631 1920 1707 1955 Ru-

330 1969 471 2006 heolum
498 1972 669 2020 appellari
698 1972 743 2007 ab
770 1972 918 2008 huiusce
945 1971 1199 2021 fluvii-aliquo.
1223 1971 1354 2010 rivulo.
1385 1971 1556 2016 Gelenius,
1574 1971 1705 2007 Giorn.

332 2021 398 2055 lv.
429 2021 495 2057 hoc
521 2024 630 2058 etiam
659 2024 803 2058 nomine
829 2022 932 2057 illum
963 2029 1078 2058 vocat.

436 2070 490 2119 (2)
518 2073 628 2108 Haud
656 2073 783 2123 procul
811 2073 855 2108 ab
884 2071 950 2107 hoc
977 2072 1054 2107 loco
1072 2098 1081 2114 ‚
1109 2081 1145 2107 et
1172 2070 1314 2121 proprie
1342 2071 1404 2107 ubi
1435 2077 1517 2107 sunt
1545 2071 1617 2106 PP.
1645 2072 1712 2107 Ca-

332 2122 502 2158 sinatium
530 2122 623 2160 horti
646 2152 656 2170 ,
686 2132 720 2158 et
746 2136 856 2172 prope
885 2121 952 2158 SS.
981 2121 1144 2159 Severini
1168 2149 1178 2167 ,
1208 2131 1243 2158 et
1271 2120 1364 2157 Sosii
1395 2120 1595 2169 templum,
1627 2122 1710 2171 plu-

333 2171 432 2208 ribus
460 2173 592 2209 abhinc
618 2173 720 2210 annis
747 2179 902 2221 repertae
928 2173 1028 2209 fuere
1054 2170 1176 2221 plures
1197 2179 1362 2209 vetustae
1388 2172 1543 2208 fabricae
1565 2175 1709 2208 ruinae.-

333 2235 422 2272 quas
448 2223 540 2259 intra
566 2225 735 2260 balneum
764 2223 1048 2259 vetustissimum
1076 2235 1161 2259 cum
1188 2222 1402 2272 sepulchrali
1432 2222 1564 2272 lapide,
1595 2235 1708 2273 quem

333 2273 438 2310 affert
464 2275 685 2311 Antoninius
711 2276 748 2309 in
776 2273 935 2308 Lucania
962 2273 1152 2324 illustrata,
1180 2273 1330 2322 Dissert3
1359 2273 1472 2321 VIII,
1502 2273 1537 2311 in
1567 2287 1640 2324 quo
1669 2273 1708 2309 fit

333 2324 470 2362 mentio
496 2325 684 2364 cuiusdam
709 2323 882 2362 Claudiae
908 2323 1101 2371 Antoniae&
1532 2329 1539 2335 “

1907 1816 1920 2059 ’ρ-’,τ-ῂᾼ-Αμᾈ-Ξι--κ-
1914 1807 1917 1819 .„
1916 1751 1917 1759 ⁴
1918 1698 1920 1713 -
