1920 2579
151 2104 303 2129 Theatrum.

372 113 426 157 24

369 177 470 218 pana
499 161 669 205 Colonia
704 162 824 206 fuerit
858 161 1075 206 excitatum
1112 164 1177 222 (ut
1207 163 1598 226 demonstravimus)
1631 188 1735 230 quae

367 220 563 263 ditissima
597 223 778 277 profecto
829 221 919 268 fuit.
973 223 1239 264 Puteolanum
1287 226 1494 281 angustius
1543 229 1655 283 fuit,
1693 245 1732 274 et

370 294 482 331 uno,
516 280 577 323 vel
609 281 736 324 altero
768 282 1001 334 porticuum
1035 281 1178 323 ordine
1223 283 1466 340 dispositum
1486 317 1497 338 ‚
1546 293 1731 343 quamvis

356 339 434 404 hoc
465 339 673 395 Campano
707 337 865 390 maius,
897 339 1008 397 quod
1041 340 1263 382 hodiedum
1297 345 1415 385 etiam
1449 357 1583 387 manet
1615 351 1731 404 quasi

354 409 571 453 integrum.
616 446 618 448 v

473 459 604 512 Prope
636 458 756 499 etiam
789 458 825 499 S·
846 457 981 500 Iacobi
1011 458 1233 501 Ecclesiam
1267 461 1455 502 visuntur
1489 462 1622 506 adhuc
1646 476 1733 506 ma-‘

352 529 428 570 gna
460 515 635 557 fabricae
667 517 843 568 rudera,
881 517 1018 574 ibique
1053 533 1193 573 magna
1241 530 1345 560 extat
1393 522 1570 574 piscina,
1621 539 1729 580 quae

354 589 531 629 paucum
566 573 705 615 differt
736 576 787 617 ab
819 592 892 628 ea,
946 592 1049 630 quae
1081 575 1220 617 Baulis
1270 587 1338 618 est.
1390 578 1435 617 In
1480 578 1546 619 illa
1599 583 1724 635 igitur

354 643 467 687 parte
491 664 502 684 ‚
535 632 576 672 in
609 648 687 688 qua
721 646 759 675 et
790 635 1154 690 Amphitheatrum
1177 664 1190 682 ‚
1221 646 1259 675 et
1290 635 1407 690 plura
1452 636 1527 677 alia
1560 641 1729 695 antiqua

354 702 520 731 manent
550 690 729 732 aedificia
761 694 922 748 penitus
955 692 1118 733 ruinosa
1141 723 1154 742 ‚
1192 692 1483 735 extendebatur
1515 707 1629 738 vetus
1682 714 1726 739 o-

353 748 499 804 pidum
521 780 536 799 ,
573 749 685 803 quod
712 750 923 806 quondam
958 743 1066 791 iuxta
1101 750 1345 792 Strabonem
1379 767 1500 808 super
1532 755 1643 796 collis
1662 772 1728 796 su-

352 806 566 861 percilium
599 807 736 848 aderat
768 808 819 850 ad
853 823 963 850 mare
996 809 1311 865 septentrionem
1346 821 1540 865 spectans.
1563 814 1610 853 In
1647 814 1725 854 hoc

352 864 468 917 loco,
500 876 540 906 et
566 866 713 922 passim
747 882 818 923 per
851 868 1004 909 vicinos
1049 882 1161 924 agros
1194 868 1419 909 hodiedum
1466 879 1616 911 restant
1667 883 1727 912 tot

350 924 569 978 immensae
600 924 879 966 aedificiorum
903 926 1043 967 ruinae
1065 958 1076 979 ‚
1108 926 1257 983 templa
1279 959 1289 979 ‚
1321 927 1501 979 domus,
1537 940 1581 969 ut
1614 929 1727 969 haud

350 983 435 1022 sine
466 982 655 1038 lacrymis
687 983 878 1025 admirari
910 984 1083 1041 quisque
1113 987 1251 1040 possit.
1291 985 1351 1026 Ibi
1397 996 1456 1025 tot
1515 987 1725 1027 Romano-

350 1056 442 1081 rum
478 1041 623 1093 villae,
660 1053 723 1084 tot
754 1044 919 1084 illorum
954 1043 1128 1084 divitum
1161 1044 1312 1095 aedes,
1351 1044 1421 1100 qui
1455 1044 1544 1084 heic
1578 1045 1629 1084 ad
1659 1060 1728 1084 ru-

347 1099 576 1140 sticandum
611 1104 820 1142 turmatim
854 1101 1117 1144 confluebant
1151 1104 1268 1143 variis
1301 1101 1395 1142 anni
1431 1101 1688 1157 temporibus
1711 1134 1723 1152 ,

347 1167 386 1198 et
419 1157 488 1198 ubi
519 1158 601 1199 loci
634 1160 870 1201 salubritate
890 1192 902 1211 ‚
935 1171 974 1201 et
1002 1160 1251 1201 amoenitate
1295 1158 1553 1201 fruebantur.
1609 1163 1724 1215 Quot·

346 1216 544 1269 choreae,
574 1228 748 1271 cantus,
780 1217 973 1273 plausus,
1006 1229 1106 1274 quot
1139 1219 1235 1260 festa
1284 1219 1325 1259 in
1361 1218 1434 1259 hac
1489 1218 1589 1260 urbe
1638 1230 1724 1261 tam

344 1273 470 1314 divite
502 1289 582 1317 non
617 1275 867 1318 edebantur!
915 1276 970 1316 ibi
1003 1278 1124 1331 igitur
1166 1288 1227 1318 tot
1261 1276 1380 1316 ludos
1413 1291 1506 1317 cum
1543 1277 1584 1315 in
1618 1278 1723 1318 Am-·

342 1333 609 1389 phitheatro,
644 1344 733 1376 tum
766 1334 808 1374 in
845 1335 1026 1377 Theatro
1047 1367 1060 1386 ,
1109 1346 1148 1377 et
1181 1337 1224 1376 in
1265 1335 1386 1377 Circo
1438 1333 1630 1383 habitos,
1680 1346 1720 1375 et

342 1390 499 1444 Regum
532 1394 754 1448 praesentia
787 1392 1006 1433 celebratos
1039 1404 1208 1435 constat.
1255 1395 1363 1434 Hinc
1410 1392 1540 1433 dubio
1572 1393 1719 1447 procul

340 1449 502 1504 ipsimet
528 1451 636 1491 hane
670 1450 814 1492 urbem
848 1450 1087 1507 expetebant
1110 1483 1123 1502 ‚
1160 1467 1243 1508 quo
1277 1451 1398 1492 huius
1428 1451 1592 1493 amoeni
1626 1465 1715 1491 ma-

341 1510 416 1563 ris‘
436 1508 641 1551 vicinitate
674 1509 920 1551 fruerentur.
948 1511 1005 1552 Ea
1038 1511 1146 1550 enim
1180 1510 1362 1552 Inferum
1384 1542 1396 1561 ‚
1430 1511 1719 1565 Superumque

342 1582 453 1609 mare
475 1599 488 1618 ,
529 1578 591 1608 tot
623 1568 772 1609 insulas
792 1600 805 1618 ‚
844 1577 906 1608 tot
939 1569 1058 1608 colles
1093 1583 1388 1624 peramoenos,
1437 1568 1584 1618 Baias,
1640 1568 1717 1608 Mi-

342 1641 483 1671 senum
504 1658 516 1674 ,
549 1628 703 1668 Cumas
724 1657 736 1676 ,
766 1626 944 1681 aliasque
975 1625 1096 1666 nrbes
1137 1629 1177 1666 in
1213 1625 1359 1667 ridenti
1395 1626 1484 1667 sinu
1523 1640 1618 1666 cum
1653 1627 1715 1681 pi-

347 1680 466 1726 scosis
498 1684 664 1725 lacubus
697 1685 844 1740 positas
876 1682 1168 1740 prospectabat.
1201 1688 1294 1726 lure
1328 1684 1557 1739 meritoque
1589 1682 1653 1724 ille
1676 1699 1718 1723 e-

348 1744 577 1799 loquentiae
604 1754 717 1799 pater
749 1742 908 1783 Tullius
942 1743 1030 1783 heic
1063 1742 1197 1783 villam
1233 1742 1627 1798 sumptuosissimam
1661 1744 1722 1784 A·

348 1802 594 1850 cademimn
623 1801 772 1843 dictam
805 1799 1013 1857 possedit3
1047 1802 1154 1844 viros
1185 1801 1502 1857 sapientissimos
1522 1816 1568 1840 ex
1601 1800 1717 1853 urbe,

349 1861 518 1917 aliisque
549 1861 646 1902 locis
679 1859 913 1911 arcessivit3
952 1859 1089 1916 ibique
1117 1861 1280 1900 tandem
1322 1859 1605 1914 Quaestiones
1639 1859 1720 1898 elu-

350 1919 547 1959 cubravit.
583 1918 691 1960 Vide
725 1919 846 1973 igitur
880 1917 930 1958 ad
962 1933 1084 1973 quem
1119 1917 1439 1973 magnificentiae
1489 1928 1638 1958 statum
1673 1931 1717 1957 ea

348 1978 444 2018 urbs
476 1979 704 2033 pervenerit
727 2008 738 2027 ,
769 1992 872 2033 quae
904 1977 1101 2018 maximos
1133 1977 1341 2019 Romanae
1382 1975 1624 2032 reipublicae
1657 1976 1716 2017 vi-

348 2052 415 2079 ros
442 2036 664 2092 exceperit!

461 2097 571 2135 Haec
597 2095 761 2150 insuper
818 2108 901 2135 non
933 2094 1064 2134 solum
1109 2094 1214 2138 ludis
1249 2091 1652 2149 amphitheatralibus
1694 2124 1707 2141 ‚

343 2169 484 2194 verum
516 2152 635 2193 etiam
668 2154 858 2205 scenicis,
889 2162 928 2192 et
959 2153 1203 2194 circensibus
1235 2152 1459 2193 fruebatur.
1482 2151 1571 2206 Ipsa
1604 2150 1715 2190 enim

344 2222 486 2266 utpote
518 2212 556 2251 in
591 2211 897 2253 deliciosissime
929 2210 1176 2268 Campaniae
1206 2212 1353 2264 angulo
1374 2210 1458 2248 ‘sita
1480 2239 1494 2258 ‚
1548 2219 1587 2249 et
1621 2222 1713 2264 pro-

345 2286 394 2327 pe
425 2269 754 2311 amoenissimum
781 2270 906 2322 litus,
956 2280 994 2311 et
1027 2271 1129 2312 coeli
1160 2268 1404 2320 clementia,
1446 2267 1715 2322 fortunaeque
