1920 2579
1477 144 1490 172 1
1509 132 1557 173 15

174 192 253 234 bus
282 186 419 229 adhuc
450 187 568 245 plena
596 185 616 244 (
654 195 700 228 ut
726 186 781 227 ita
815 185 952 229 dicam
984 185 1002 244 )
1039 201 1139 238 ova,
1176 200 1300 229 nuces
1323 219 1336 238 ‚
1376 204 1552 246 cpiarum

175 249 425 295 extrinsecus
458 256 598 290 cortex
637 245 820 301 integer,
853 246 1014 288 fructus
1045 248 1205 291 interne
1239 248 1401 303 penitus
1453 264 1547 290 exu-

170 320 271 352 stus.
308 307 382 348 His
416 305 520 347 adde
554 306 826 347 instrumenta
865 304 1013 346 ruralia
1052 306 1256 363 permulta
1279 338 1290 358 ,
1326 309 1506 348 cerusica
1530 342 1543 358 ,

171 365 360 418 fab'rilia‚
391 366 528 406 thecae
565 364 802 406 calamariae
832 363 968 406 adhuc
1006 380 1103 407 cum
1136 374 1382 415 atramento,
1417 366 1550 422 pogii-

169 430 271 471 lares
305 424 358 466 ad
393 423 655 466 scribendum
692 424 809 480 apti,
849 422 998 481 papyri
1046 424 1309 481 permultae,
1361 424 1550 467 lucernae

171 486 452 540 cuiuscunque
491 483 674 539 generis,
706 493 747 524 et
777 482 935 524 formae
956 515 969 536 ,
994 498 1083 525 vasa
1121 497 1240 523 aenea
1277 483 1327 525 ad
1369 482 1549 526 culinam

163 543 444 605 pertinentia,
484 543 645 599 aliaque
677 541 879 599 permillia
909 541 955 583 id
987 555 1114 598 gen-us
1148 541 1201 583 ad
1221 540 1426 584 humanos
1450 559 1549 585 usus

164 612 400 660 comparata
432 601 584 657 passim
618 600 831 643 eruderata
857 600 981 643 fuere·

279 664 343 703 Ex
374 660 438 700 his
472 661 668 702 haetenus
704 660 946 716 descriptis,
980 659 1060 702 hoc
1093 659 1267 718 opidum
1299 660 1547 718 Campaniae

164 716 456 773 Felicis—haud
491 718 670 773 ignobile
697 719 819 761 fuisse
852 719 947 759 satis
988 718 1127 774 liquet.
1160 720 1276 761 Illius
1307 722 1416 762 enim
1454 721 1541 762 viae

162 789 261 822 sunt
299 777 458 834 amplae
495 777 624 828 satis,
670 791 692 817 e
727 777 969 822 Vesuvianis
1006 776 1185 818 silicibus
1221 788 1382 829 stratae,
1417 789 1456 819 et
1477 779 1550 820 do-

163 854 257 880 mus
292 838 386 878 satis
421 834 665 878 commodae
688 866 700 888 ,
739 846 778 878 et
809 835 1045 878 mirandum
1084 836 1125 878 in
1145 835 1318 878 modum
1338 837 1455 879 variis
1473 837 1543 878 de-

164 898 296 952 pictae
326 893 568 942 coloribus3
599 892 779 951 aliaeque
810 909 872 934 res
910 894 981 934 ad‘
1002 894 1108 934 vitae
1143 896 1422 937 necessitatem
1449 924 1462 947 ,
1502 907 1540 936 et

159 953 311 1008 templa
334 983 347 1002 ‚
383 951 692 995 et,Theatrum
731 965 849 994 suam
877 949 1222 1008 magnificentiam
1259 954 1443 1009 profecto
1485 965 1543 994 te*

158 1021 329 1053 stantur.

276 1070 398 1110 Anno
420 1066 1007 1126 insuperMDCCLXXXIX.
1028 1069 1151 1127 plura
1171 1068 1251 1112 alia
1268 1080 1433 1128 reperta
1448 1088 1537 1130 pre-

157 1129 259 1171 tiosa
279 1127 600 1171 Herculanensis
631 1126 741 1186 opidi
759 1127 906 1172 rudera
926 1129 1057 1185 fuere,
1077 1139 1123 1172 ut
1154 1128 1312 1188 lapides
1330 1166 1343 1185 ,
1366 1140 1544 1185 statuae²

155 1187 319 1245 aliaque
339 1186 542 1245 permulta
561 1221 576 1241 ‚
611 1202 786 1245 quorum
827 1187 996 1246 quidem
1013 1204 1167 1248 magna
1186 1204 1280 1247 pars
1314 1190 1546 1234 Theatrum

154 1245 472 1293 condecorabat.
515 1245 580 1288 Ex
599 1246 748 1289 ceteris
769 1248 950 1305 Augusti
986 1257 1145 1292 statuas
1167 1258 1329 1306 togatas
1349 1281 1360 1303 ,
1379 1250 1544 1293 Liviae-

149 1321 249 1362 que,
270 1319 553 1364 equorumque
578 1319 805 1349 aeneorum
841 1323 891 1350 ex
929 1305 1128 1366 quadriga
1160 1324 1284 1366 supra
1313 1320 1544 1354 memorata

150 1374 285 1423 partes
317 1364 595 1407 comminutas
616 1396 629 1415 ,
660 1381 713 1409 ac
751 1366 888 1423 plures
928 1367 1029 1409 alias
1065 1376 1221 1412 statuas
1255 1368 1458 1411 tunicatae
1484 1385 1532 1411 ex

150 1438 242 1466 aere
275 1432 456 1480 repertas
491 1432 693 1472 constat3
727 1423 896 1468 Adhaec
928 1425 1146 1476 virorum,
1180 1435 1220 1468 et
1258 1427 1539 1472 foeminarum

151 1498 198 1524 ex
232 1481 381 1524 eodem
414 1482 611 1531 metallo,
651 1481 749 1524 alias
786 1498 835 1526 ex
870 1492 1080 1528 marmore
1110 1485 1289 1543 scalptas
1325 1484 1375 1528 ad
1397 1485 1533 1529 Thea-

150 1541 203 1582 tri
239 1549 534 1584 ornamentum
569 1541 671 1583 olim
703 1542 857 1598 positas
888 1543 1013 1586 fuisse
1068 1543 1179 1586 fama
1215 1553 1289 1586 est.
1338 1546 1540 1588 Hercula-

146 1614 292 1642 nenses
332 1614 431 1645 vero
463 1613 549 1642 non
580 1600 719 1642 solum
750 1603 809 1642 M.
842 1594 1146 1656 Nonioss‘al‘bo
1176 1601 1230 1647 ob
1259 1601 1426 1660 aliquod
1460 1604 1532 1647 be-

147 1657 343 1701 neficium
374 1667 596 1715 acceptum
631 1658 804 1703 fortasse
841 1671 956 1705 erant
999 1658 1183 1713 addis-tn
1218 1661 1325 1705 unde
1376 1663 1485 1721 patri
1515 1696 1526 1714 ,

148 1715 314 1773 filioque
360 1717 403 1758 in
455 1717 569 1759 Foro
625 1734 672 1759 ex
704 1718 1101 1764 marinorestatuafs
1155 1730 1362 1779 equestres
1397 1737 1525 1779 supra

147 1785 396 1819 memoratas
436 1772 701 1827 dedicarunt3
743 1793 890 1819 verum
927 1775 1053 1821 etiam
1086 1779 1142 1821 ob
1180 1780 1383 1821 maiorem
1400 1779 1526 1821 bene-

148 1832 232 1874 ficii
268 1833 516 1875 memoriam
563 1834 747 1875 Viciriae
797 1836 919 1878 Balbi
950 1837 1075 1879 matri
1126 1838 1250 1879 aliam
1287 1837 1528 1894 erigendam
1562 1891 1565 1893 ‚

149 1901 359 1934 curarunt.
393 1892 637 1949 Imperatori
673 1892 933 1952 Vespasiano
967 1895 1094 1938 etiam
1125 1893 1281 1940 addicti
1315 1897 1429 1940 cives
1446 1897 1528 1940 fue-

143 1965 186 1992 re
208 1981 220 2002 ,
256 1959 356 2008 puta
386 1949 439 1992 ob
495 1950 641 1993 urbem·
675 1951 726 1994 ab
755 1953 848 2011 ipso
880 1963 1153 1998 restauratam
1198 1972 1222 1999 a
1272 1966 1523 1999 terraemotu

143 2009 560 2055 antevesuvianam
591 2011 781 2069 primam
805 2011 1201 2072 conflagrationem.
1242 2031 1244 2033 ’
1456 2015 1460 2037 ³

253 2069 366 2113 Inter,>
411 2068 490 2111 alia
524 2068 851 2115 Herculaneas-ia
889 2082 1098 2119 marmora
1137 2074 1377 2118 celebr-esest
1418 2074 1535 2121 issad-

136 2125 321 2170 edictum
341 2160 353 2179 ,
389 2143 461 2186 per
480 2130 593 2186 quod
624 2130 671 2173 fit
705 2131 867 2176 certior
888 2135 1069 2197 populus
1092 2132 1140 2178 de
1158 2134 1415 2193 quorundam
1433 2134 1521 2184 bal*

133 2199 310 2230 meorum
333 2188 547 2250 ..locatione
565 2203 576 2233 ,τ
