1920 2579
223 181 408 237 scandit,
442 180 682 239 cunctisque
711 176 874 223 domitis
908 175 1071 236 populis
1091 208 1103 229 ,
1138 182 1260 232 atque
1293 172 1427 232 opidis
1452 205 1465 224 ,
1504 172 1592 239 ‘Ro-

220 246 434 302 manisque
461 241 612 299 pluries
643 240 685 281 in
721 239 810 282 acie
842 237 970 296 copiis
994 235 1206 294 perfractis
1226 265 1238 284 ,
1273 243 1313 274 et
1342 233 1484 289 Capua
1502 247 1590 289 ipsa

221 304 265 345 in
305 303 430 345 Poeni
462 299 576 343 ducis
611 307 853 355 potestatem
883 294 1059 338 adducta
1081 326 1091 346 ,
1126 292 1229 335 haec
1264 290 1375 333 haud
1406 305 1592 347 unquam

221 361 266 402 in
300 361 410 402 illius
442 357 628 416 pervenit
646 364 906 412 potestatem.
926 356 1033 395 Hinc
1053 352 1234 401 factum,
1259 360 1304 391 ut
1322 352 1494 406 longam
1518 364 1591 405 po-

223 419 304 460 tius
335 433 452 476 passa
484 416 536 458 sit
572 412 854 467 obsidionem,
883 428 1008 470 quam
1039 412 1081 453 in
1112 409 1240 467 ipsius
1267 423 1415 450 manus
1448 422 1590 464 perve-

221 476 330 519 niret
348 507 360 526 ,
393 483 431 517 et
461 489 525 516 res
557 489 605 516 eo
635 473 781 523 venit,
810 481 857 515 ut
887 472 993 513 fame
1021 466 1227 512 horrenda
1260 467 1419 528 civibus
1468 464 1593 506 addu-

223 535 299 577 ctis
320 565 332 584 ,
362 532 555 576 alimenta
586 531 820 574 defecerint.
842 533 905 572 En
937 540 982 571 ut
1017 543 1040 570 a
1062 527 1185 570 Livio
1205 525 1275 567 lib.
1291 523 1452 564 XXIII.
1474 538 1510 566 e.
1540 526 1591 575 Is!-

217 591 259 633 id
290 600 427 649 aperte
462 589 712 632 ostenditur:
748 593 950 632 Postremo
983 590 1036 629 acl
1068 586 1111 627 id
1135 593 1285 626 ventum
1322 583 1480 638 inopiae
1505 613 1518 632 ,
1553 592 1595 624 ut

220 653 304 691 lora
323 681 333 702 ‚
366 652 637 704 detractasque
666 649 786 690 scutis
803 650 953 704 pellem
988 646 1216 699 ubifiervida
1238 644 1450 683 mollissent
1469 656 1590 696 aqua,

222 711 408 750 mandere
439 716 690 761 cogerentur3
724 704 795 748 nec
829 706 1002 747 muribus
1043 706 1168 743 aliove
1204 701 1372 742 animali
1415 702 1592 741 abstine-

221 774 319 806 rent.
355 764 410 805 Et
444 764 597 820 Plinius
629 762 771 804 scribit
806 764 913 804 Hist.
947 761 1018 802 lib.
1049 760 1161 800 VIII.
1202 775 1237 801 c.
1274 760 1326 809 57
1348 761 1489 800 venisse
1511 774 1596 799 mu-

223 838 304 864 rem
341 823 520 863 ducentis
536 824 707 863 denariis
722 853 733 871 ‚
771 820 986 863 Casilinum
1006 818 1206 858 obsidente
1225 816 1463 857 Hannibale.
1485 818 1590 859 Ean-

221 879 320 920 dum
359 879 441 918 iam
480 894 554 919 suo
586 894 685 920 aevo
723 888 860 918 narrat
905 892 1008 931 pene
1047 888 1231 917 eversam
1277 873 1387 913 idem
1431 884 1587 916 auctor.
1610 901 1828 935 Rufinuswpffl

333 934 516 975 Celebris
549 944 610 976 est
640 936 806 989 insuper
825 933 992 973 historia
1013 946 1136 988 quam
1163 938 1302 970 narrat
1320 932 1471 972 Paulus
1492 932 1585 973 Dia-
1606 948 1690 973 prope
1712 940 1823 964 Casilini

220 1005 349 1036 conus
380 989 428 1032 'de
459 991 596 1033 GestiS
634 991 819 1047 Langob.
853 990 923 1031 lib.
954 989 1003 1031 H.
1040 1004 1075 1030 c.
1110 1001 1137 1028 2
1173 996 1216 1028 et
1244 987 1441 1042 Agathias
1461 989 1518 1030 lib
1539 989 1577 1030 ΙΙ
1597 974 1830 1044 sss‘ssssfflsssllss‘j

221 1048 270 1091 de
301 1048 487 1092 Butilino
522 1050 853 1091 Alemannorum
873 1079 886 1099 ,
913 1048 1251 1103 Francorumque
1278 1045 1397 1089 duce.
1443 1046 1524 1089 Hic
1545 1062 1586 1086 e-

219 1108 306 1149 nim
337 1122 444 1151 anno
480 1107 631 1149 DLIII.
667 1106 857 1150 Gothicis
890 1105 1011 1148 rebus
1043 1104 1127 1146 iam
1161 1104 1459 1154 conclamatis,
1494 1121 1592 1148 cum

218 1166 375 1221 ingenti
409 1175 661 1208 armatorum
695 1166 856 1221 agmine
886 1165 928 1205 in
963 1164 1127 1205 Italiam
1145 1161 1360 1205 descendit
1380 1180 1476 1206 cum
1493 1168 1600 1205 Leu-

219 1224 325 1265 thari
359 1225 510 1275 fratre,
551 1238 632 1281 quo
672 1223 820 1266 Gothis
854 1222 1060 1279 suppetias
1080 1221 1213 1263 ferret.
1233 1222 1320 1263 Iam
1342 1232 1492 1265 cuncta
1514 1223 1595 1264 fer·

219 1298 266 1325 ro
284 1313 296 1331 ‚
334 1282 511 1325 flammis
533 1312 541 1330 ‚
574 1292 613 1324 et
633 1283 909 1325 internecione
927 1281 1103 1323 extincta
1123 1289 1239 1322 erant
1257 1297 1265 1322 ε
1295 1280 1416 1322 urbes
1434 1291 1593 1338 captae,

218 1342 437 1396 populatae
460 1373 472 1392 ‚
506 1355 752 1399 eversaeque
777 1357 849 1398 per
881 1341 1081 1382 Barbaros
1117 1349 1243 1381 erant.
1290 1338 1509 1381 Leutharis
1541 1341 1594 1382 acl

220 1397 379 1441 Padum
409 1400 522 1442 fusus
555 1415 650 1442 cum
686 1401 901 1458 copiarum
935 1408 1047 1455 parte
1084 1415 1104 1438 a
1139 1398 1316 1439 Narsete
1363 1398 1445 1440 iam
1494 1409 1591 1440 erati

220 1457 428 1499 Butilinus
461 1459 625 1501 interim
656 1473 730 1515 per
765 1458 979 1499 Samnium
1009 1458 1052 1497 in
1086 1456 1358 1511 Campaniam
1393 1472 1590 1512 pervene-

219 1524 318 1564 rat,
356 1515 425 1557 ubi
463 1527 594 1558 castra
626 1517 745 1572 ponit
782 1515 832 1557 ad
858 1515 1102 1556 Casilinum.
1136 1515 1241 1555 Heio
1279 1515 1482 1570 praelium
1499 1515 1593 1558 hor-

220 1571 393 1614 rendum
425 1584 613 1630 gestum:
646 1578 797 1616 Narses
831 1573 942 1615 enim
973 1572 1081 1614 hand
1121 1573 1267 1628 procul
1287 1588 1310 1613 a
1337 1574 1506 1614 Butilini
1530 1590 1594 1616 ca-

220 1632 311 1672 stris
347 1647 444 1674 eum
484 1632 743 1676 Graecorum
760 1631 941 1674 exercitu
960 1632 1164 1673 tendebat.
1183 1631 1458 1673 Excursiones
1483 1632 1594 1689 prius

220 1689 349 1731 factae
382 1690 487 1731 inter
517 1701 712 1748 utrosque
749 1706 831 1733 non
867 1690 1015 1746 procul
1049 1706 1069 1733 a
1110 1689 1323 1732 Vulturno
1353 1690 1396 1731 in
1430 1706 1485 1732 eo
1529 1692 1591 1733 lo-

222 1761 305 1795 co,
339 1746 409 1801 qui
440 1748 608 1789 Casilini
655 1764 758 1803 pons
797 1748 1018 1790 dicebatur,
1051 1749 1236 1790 Narsetis
1283 1748 1435 1789 milites
1481 1749 1591 1804 prius

219 1804 366 1845 turrim
398 1819 422 1845 a
457 1805 642 1846 Barbaris
674 1821 794 1859 snpra
823 1817 992 1861 pontem
1024 1806 1176 1847 factam
1219 1815 1447 1854 evertunt3
1485 1805 1588 1849 haec

221 1861 387 1902 exitialis
417 1864 558 1917 praelii
589 1878 710 1906 causa
745 1863 957 1905 fuit.Hinc
989 1862 1141 1904 Graeci
1175 1879 1273 1903 cum
1293 1862 1481 1905 Barbaris
1501 1879 1591 1906 con·

220 1918 447 1974 gredientes
480 1919 581 1963 adeo
614 1922 764 1963 acriter
798 1930 1066 1976 pugnarunt,
1100 1931 1146 1963 ut
1176 1921 1316 1964 cuncti
1349 1920 1398 1963 ad
1419 1922 1592 1966 interne-

219 1978 381 2019 cionem
416 1977 570 2021 redacti
604 1980 683 2021 sint
706 1995 715 2019 ε
737 1994 832 2020 nam
867 1977 916 2020 acl
949 1979 1118 2036 triginta
1140 1995 1267 2038 prope
1288 1981 1417 2023 millia
1437 1997 1485 2025 eo
1524 1982 1589 2024 die

214 2037 321 2078 caesi
351 2036 477 2079 fuere.

333 2096 431 2136 Non
467 2096 613 2152 procul
648 2111 670 2136 a
706 2096 875 2139 Calibus
908 2096 985 2137 fuit
1019 2095 1197 2139 Stellatis
1218 2111 1347 2153 ager,
1379 2111 1489 2142 nunc
1508 2108 1587 2143 ter·
1661 2102 1745 2130 <2³¹⁶ss-

220 2152 362 2193 risorio
394 2156 440 2194 di
474 2153 668 2197 Carinola
687 2185 700 2201 ,
732 2171 855 2212 quem
883 2165 1086 2197 memorat
1107 2155 1369 2212 Tranquillus
1403 2158 1442 2198 in
1467 2157 1584 2200 Caesi

219 2223 255 2248 c.
290 2224 352 2251 20.
395 2212 590 2268 Campum
622 2213 830 2257 Stellatem
864 2215 1120 2256 amatoribus
1139 2224 1418 2266 consecratum,
1445 2232 1588 2273 agrum

222 2266 465 2324 Campanum
501 2274 552 2315 ad
586 2274 758 2318 subsidia
795 2275 1033 2332 reipublicae
1051 2305 1063 2327 ‚
1110 2275 1342 2330 vectigalem
1393 2278 1584 2320 relictum„
