1920 2579
1459 101 1539 153 143

159 161 214 204 eis
247 159 396 206 domos
427 157 685 203 eruderarint
716 171 801 215 quo
831 154 921 212 res,
955 155 1066 216 quae
1096 156 1172 201 sub
1204 153 1408 200 cineribus
1448 158 1538 200 sue-

160 231 250 262 rant
282 221 461 276 sepultae
480 250 493 270 ,
524 226 810 275 recuperarent
830 247 842 270 ‚
876 227 916 258 et
947 217 1185 274 praesertim
1233 217 1276 259 in
1307 218 1354 259 iis
1392 217 1493 259 locis
1516 248 1534 270 ,

159 279 199 320 iu
233 279 383 337 quibus
415 279 571 322 maiora
602 277 725 330 auri,
755 277 992 334 argentique
1025 276 1214 318 adessent
1247 275 1443 334 pondera.

276 340 509 394 Antequam
542 335 594 378 ad
626 336 703 378 alia
732 333 997 378 describenda
1031 351 1163 392 nuper
1193 345 1350 394 reperta
1403 334 1540 378 venia-

157 411 249 439 mus
269 429 282 449 ,
314 396 426 439 iuvat
458 396 548 438 heic
580 397 622 438 in
654 394 840 438 medium
872 409 1023 438 novam
1057 395 1205 438 afferre
1223 394 1538 451 inscriptionem

156 456 267 511 apud
299 454 516 512 Pompeios
550 455 788 507 detectam,
821 468 924 512 quae
953 470 1101 511 parum
1145 470 1170 497 a
1216 455 1394 496 Theatro
1441 465 1500 496 est
1520 489 1535 511 ,

157 513 269 570 quod
303 518 488 573 quamvis
519 514 660 558 multis
692 515 840 557 abhinc
871 515 988 555 annis
1023 514 1219 556 effossum
1243 543 1254 565 ‚
1288 526 1541 557 monumen-s

157 582 247 615 tum
277 589 397 634 supra
433 573 675 633 parietinam
705 583 839 617 servat
870 571 1009 616 adhuc
1036 572 1147 616 lectu
1181 571 1383 630 dignum:

405 689 1270 733 AD;X1.K.DECEMBR.A.XV.

481 742 672 781 EPAPRA
703 771 712 779 .
741 742 937 778 ACUTUS
965 766 976 777 .
1000 741 1205 778 AUCTUS

503 792 570 829 AD
599 819 608 830 .
634 792 812 829 LOCUM
841 819 850 828 .
880 791 1191 828 DUXSERUNT

351 843 620 882 MULIEREM
649 869 659 881 .
689 842 899 880 TYCHEN
930 869 939 879 .
967 841 1034 879 ET
1063 869 1073 878 .
1101 839 1334 880 PRETIUM

516 893 567 927 IN
597 919 606 928 .
638 892 885 928 SINGULOS
903 917 922 926 γ.
949 892 982 927 Α
1009 917 1020 927 .
1046 892 1134 927 VIII
1160 918 1172 928 .

352 942 392 979 M
419 967 429 978 .
457 940 716 979 MESSALLA
742 965 754 977 .
782 941 813 977 L
840 956 852 976 .-
880 940 1122 978 LENTULO
1153 966 1162 977 .
1193 940 1283 979 COS
1316 969 1326 980 0

149 1049 216 1094 Ex
245 1050 323 1093 hac
354 1051 539 1108 primum
569 1052 667 1094 satis
699 1048 892 1093 certiores
923 1049 1017 1093 facti
1039 1065 1214 1102 sumus,
1251 1052 1531 1109 Pompeianos

149 1111 256 1153 <cives
286 1109 397 1156 vitiis
428 1111 553 1153 fuisse
584 1109 746 1153 deditos
767 1141 781 1162 ‚
811 1109 886 1167 qui
915 1108 1080 1167 publice
1110 1109 1297 1168 lapides,
1348 1122 1388 1153 et
1439 1129 1532 1161 mo-⁴

144 1179 347 1212 numenta
379 1184 548 1213 suarum
581 1169 785 1227 erigebant
817 1169 1188 1226 impudicitiarum.
1211 1169 1382 1226 Insuper
1414 1173 1535 1217 nobis

144 1228 360 1286 inscriptio
391 1228 803 1273 animadvertendum
836 1229 976 1282 affert,
1011 1228 1133 1271 hosce
1164 1229 1273 1272 viros
1293 1229 1533 1290 Epapram,

144 1290 364 1343 Auctum,
397 1299 436 1331 et
468 1291 652 1334 Acutum
685 1289 770 1334 sive
800 1287 914 1348 quod
943 1287 1094 1332 milites
1124 1288 1279 1333 fuerint
1298 1320 1311 1343 ,
1360 1292 1443 1334 sive
1476 1293 1533 1335 ci·

149 1361 217 1389 ves
249 1362 346 1390 suae
379 1348 545 1408 Tychae
577 1349 739 1392 mulieri
790 1359 1110 1392 monumentum
1164 1349 1347 1407 posuisse
1396 1351 1533 1395 multo

146 1416 240 1448 ante
276 1407 388 1450 urbis
419 1408 800 1465 conflagrationem.
832 1409 897 1452 Ex
927 1409 1056 1452 Fastis
1088 1407 1200 1450 enim
1229 1409 1530 1456 Consularibus

145 1462 308 1521 liquet,
342 1467 544 1512 Consules
577 1468 635 1509 M.
670 1467 917 1522 Messalam,
951 1477 990 1509 et
1022 1466 1075 1509 L.
1107 1467 1332 1509 Lentulum
1367 1469 1527 1511 Consu-

143 1523 274 1565 latum
309 1528 472 1582 gessisse
505 1541 613 1569 anno
648 1529 704 1571 V.
736 1526 784 1568 C.
818 1526 1002 1569 DCCLI.
1045 1524 1169 1583 idque
1223 1527 1401 1569 evenisse
1448 1537 1527 1570 tres

143 1597 273 1629 annos
306 1596 399 1627 aute
431 1586 586 1629 Christi
620 1586 887 1628 nativitatem.
921 1587 1030 1628 Hinc
1074 1594 1396 1626 monumentum
1447 1586 1525 1628 hoe

144 1641 318 1686 LXXII.
354 1646 515 1688 circiter
545 1660 675 1687 annos
704 1655 797 1687 ante
829 1643 942 1687 urbis
975 1647 1139 1688 ruinam
1172 1643 1349 1700 positum
1402 1644 1525 1687 fuisse

146 1711 336 1754 constat,
368 1714 405 1744 et
453 1704 750 1760 Pompeianum
798 1719 974 1762 parvum
1021 1704 1250 1744 Theatrum
1296 1717 1386 1745 eam
1427 1715 1522 1746 ante

145 1766 426 1814 tempestatem
460 1763 635 1804 extitisse
668 1793 682 1813 ‚
732 1778 862 1820 prope
909 1777 1036 1819 quem
1081 1763 1223 1804 locum
1273 1760 1414 1803 aderat
1465 1762 1522 1804 in-

147 1831 221 1858 seri
257 1830 323 1860 uo.

224 1834 355 1920 PNon
386 1879 532 1934 procul
563 1894 584 1920 a
616 1878 680 1919 via
712 1877 825 1920 urbis
859 1877 1103 1936 praecipua,
1136 1891 1242 1934 quae
1273 1876 1512 1934 adportata

140 1933 254 1978 ducit
274 1967 287 1988 ,
319 1951 427 1978 anno
460 1939 581 1979 etiam
613 1936 934 1980 MDCCCXIII·
966 1937 1137 1979 cadaver
1170 1936 1248 1978 fuit
1295 1948 1512 1993 repertum

137 2009 235 2037 cnm
269 1995 455 2052 pluribus
486 1997 666 2039 nummis
688 2012 699 2050 ;
730 1996 913 2039 creditur
933 1997 1067 2038 virum
1087 1995 1208 2038 fnisse
1226 1996 1513 2053 praecipuum,

141 2055 210 2113 qui
243 2055 345 2096 dum
376 2056 507 2108 cinis,
541 2056 675 2113 ignis,
708 2055 861 2114 lapides
895 2055 1076 2108 urbem,
1109 2066 1148 2096 et
1179 2054 1310 2097 vicina
1341 2070 1364 2097 a
1420 2055 1513 2098 fun-

138 2114 339 2156 damentis
371 2115 604 2157 evertebant
635 2115 926 2171 loca,*fugam
958 2129 1054 2158 cum
1088 2113 1178 2156 auri
1211 2113 1391 2170 pondere
1444 2129 1510 2158 ar·

139 2172 325 2228 ripiebat.
357 2175 490 2232 Prope
520 2175 656 2233 ipsum
709 2173 922 2217 eruderate
967 2174 1160 2230 perplura
1208 2175 1458 2215 numismata
1490 2206 1506 2225 ,

142 2246 269 2288 eaque
301 2248 349 2278 ex
377 2247 506 2287 auro,
555 2245 754 2290 argento,
785 2244 824 2276 et
853 2249 957 2277 aere.
989 2232 1196 2276 cadavera
1228 2233 1376 2288 passim
1431 2232 1512 2275 sub

142 2291 271 2335 ruinis
300 2291 486 2351 quotidie
515 2293 789 2348 effodiuntur,
817 2292 987 2354 ipsaque
1019 2307 1116 2338 cum
1132 2293 1315 2343 armillis,
1349 2292 1515 2343 numisa
