1920 2579
1468 150 1552 192 263

165 205 268 269 quae]
309 208 388 250 iam
421 221 445 249 a
475 205 614 263 priscis
644 205 899 263 temporibus
929 204 1042 263 apud
1092 204 1301 250 Romanos
1346 203 1543 260 viguere,

164 267 354 326 profecto
386 265 611 309 videbimus
631 298 646 318 ‚
675 267 783 321 ipsas
810 265 935 306 fuisse
965 264 1068 307 adeo
1119 266 1319 321 sapientes
1341 296 1356 316 ,
1396 276 1441 306 ut
1491 266 1546 306 ci-

168 341 237 368 ves
285 324 337 367 ad
387 334 495 367 recte
540 325 760 367 vivendum
805 323 892 366 aliis
932 323 1101 382 vpopulis
1145 324 1304 367 fuerint
1347 324 1544 380 exemplo.

164 385 254 428 Hae
284 382 551 440 legeshvariae
598 384 700 426 latae
747 381 890 435 fuere,
924 398 1008 440 quo
1058 383 1163 425 bene
1211 382 1426 436 viverent,
1487 383 1548 426 vi„

168 453 336 500 tamque
365 443 543 493 alum,
602 441 849 498 mollitieque
901 451 1144 483 averterent.
1191 442 1278 483 Lex
1312 442 1449 498 Oppia
1497 441 1548 483 de

167 513 449 544 matronarum
479 500 594 543 cultu
615 532 626 553 ‚
659 501 722 542 vel
754 498 912 541 mundo
946 500 1134 542 muliebri
1181 500 1434 542 versabatur.
1486 499 1548 540 Ea

168 561 234 603 lex
264 561 342 601 lata
382 570 442 601 est
474 574 497 600 a
529 559 577 602 C.
610 559 748 615 Oppio
778 557 967 600 Tribuno
1000 558 1130 615 plebis
1164 558 1218 613 Q.
1263 559 1388 600 Fabio
1421 559 1550 601 Maxi-

170 632 274 668 mo,
305 629 344 659 et
377 619 425 659 T.
458 618 703 674 Sempronio
725 616 914 659 Graccho
936 616 1051 659 Coss.
1086 633 1195 658 auno
1230 619 1289 660 V.
1326 617 1376 659 C.
1417 618 1551 662 DXL.

169 675 452 719 exardescente
482 676 664 719 secundo
690 677 849 718 Punico
897 675 1022 719 bello.
1064 677 1255 719 Mulieres
1307 675 1421 717 haud
1473 693 1558 718 am-

172 735 279 793 plius
310 748 433 791 quam
461 735 552 776 auri
582 734 849 777 semiunciam
897 734 1103 791 possidere
1124 770 1139 790 ,
1187 750 1266 778 neu
1312 736 1556 777 vestimento

175 794 418 835 versicolore
453 794 538 846 uti,
561 809 660 836 neve
691 792 831 836 iuncto
862 794 1051 835 vehiculo
1081 794 1124 835 in
1159 793 1290 849 urbe,
1322 794 1555 851 oppidove,

176 862 249 893 aut
274 851 440 908 propius
471 852 566 894 inde
600 852 709 894 mille
739 867 880 908 passus
899 883 912 902 ‚
946 853 1021 894 nisi
1052 868 1261 895 sacrorum
1294 853 1555 908 publicorum

178 924 298 950 causa
329 909 421 952 vehi
457 922 657 967 poteraut.
691 911 751 952 Ita
786 909 957 953 tradunt
987 911 1132 954 Livius
1167 911 1235 954 lib.
1283 911 1485 954 XXXIV.
1520 924 1559 954 et

180 967 345 1010 Tacitus
379 969 528 1013 Annal.
559 969 627 1012 lib.
669 970 740 1012 ΙΙΙ.
1314 1014 1316 1016 ,

299 1026 409 1068 Cum
441 1043 536 1071 vero
566 1044 590 1069 a
620 1029 769 1082 veteri,
822 1038 862 1070 et
907 1029 1013 1074 avita
1055 1029 1261 1071 maiorum
1310 1029 1560 1086 parsimonie

180 1085 330 1141 posteri
378 1086 657 1140 discederent,
704 1096 743 1128 et
775 1086 935 1130 nullum
978 1088 1152 1130 modum
1183 1088 1414 1128 invenirent
1445 1089 1561 1128 luxu-

181 1143 238 1185 ria
261 1178 275 1198 ,
304 1143 438 1199 legum
472 1144 821 1186 animadversione
853 1145 930 1186 fuit
976 1159 1149 1185 necesse.
1190 1146 1379 1186 Eandem
1427 1147 1557 1199 legem

180 1201 274 1243 tulit
304 1201 350 1242 C,
384 1201 563 1243 Orchius
596 1202 804 1244 Tribunus
837 1202 963 1257 piebis
1016 1202 1068 1243 de
1099 1215 1261 1244 senatus
1313 1207 1510 1244 sententia
1536 1238 1550 1255 ,

177 1273 285 1301 anno
317 1260 437 1301 tertio
470 1276 595 1317 quam
628 1261 733 1303 Cato
764 1259 921 1301 Censor
936 1261 1124 1317 fuerat,
1147 1277 1274 1318 eaque
1293 1263 1558 1304 convivarum

180 1332 401 1359 numerum
436 1320 728 1375 perscribebat.
760 1319 869 1359 Hinc
921 1318 972 1361 C.
1004 1320 1186 1361 Fannius
1218 1320 1373 1362 Consul
1428 1321 1468 1359 in
1504 1322 1561 1362 lu·

181 1375 244 1417 dis
275 1376 505 1427 Romanis,
547 1377 717 1433 aliisque
762 1375 905 1417 diebus
956 1378 1253 1429 sollemnibus,
1289 1379 1331 1419 iu
1381 1378 1559 1432 singulos

183 1433 268 1475 dies
296 1445 488 1476 centenos
519 1436 619 1476 aeris
649 1434 800 1476 insumi
830 1435 1027 1476 concessit
1059 1435 1282 1493 decemque
1302 1436 1387 1478 aliis
1421 1435 1564 1480 diebus

184 1491 226 1533 in
276 1492 439 1547 singulis
491 1493 698 1536 mensibus
761 1494 964 1545 tricenos,
1031 1494 1171 1535 ceteris
1218 1505 1355 1537 autem
1418 1494 1561 1537 diebus

184 1551 325 1592 denos.
358 1551 467 1592 Ante
499 1553 610 1593 enim
641 1567 688 1593 eo
723 1567 783 1593 res
817 1552 1016 1603 redierat,
1060 1563 1105 1593 ut
1137 1553 1229 1608 gula
1265 1553 1383 1594 illecti
1442 1553 1563 1610 pleri-

187 1624 268 1667 que
298 1610 462 1664 ingenui
494 1613 608 1666 pueri
642 1609 880 1667 pudicitiam
907 1642 920 1661 ,
952 1621 990 1652 et
1036 1611 1261 1653 libertatem
1315 1612 1562 1653 venderent:

186 1668 368 1724 plerique
399 1683 448 1709 ex
482 1668 595 1725 plebe
627 1672 813 1711 Romana
846 1670 943 1710 vino
976 1669 1077 1710 ebrii
1100 1670 1150 1711 ad
1169 1670 1347 1712 Comitia
1370 1672 1567 1721 venirent,

189 1736 229 1767 et
262 1726 412 1768 madidi
444 1727 494 1769 de
523 1727 785 1784 Reipublicae
816 1727 1072 1769 consulerent
1103 1729 1242 1770 salute.
1277 1730 1337 1770 Ea
1372 1732 1430 1772 lex
1464 1733 1568 1775 Cor-

189 1784 292 1824 nelia
318 1816 330 1836 ,
363 1801 487 1841 eaque
518 1786 641 1828 etiam
672 1787 926 1841 sumptuaria
946 1787 1023 1827 fuit
1043 1817 1058 1837 ,
1088 1804 1211 1844 quam
1246 1788 1337 1829 tulit
1361 1792 1408 1830 L.
1460 1791 1565 1831 Cor=

190 1842 320 1884 nelias
363 1843 453 1884 sula
506 1846 722 1895 Dictator,
760 1845 800 1884 in
832 1862 914 1902 qua
947 1856 1025 1887 non
1064 1847 1346 1889 conviviorum
1378 1847 1565 1902 magnifi·

189 1902 316 1942 centia
351 1903 553 1959 prohibita
584 1915 673 1954 est,
707 1919 779 1944 nec
812 1903 931 1959 gulae
961 1904 1109 1946 modus
1141 1905 1286 1957 factus,
1310 1921 1452 1947 verum
1488 1910 1562 1947 mt-

194 1972 293 2000 nora
328 1961 451 2014 pretia
486 1963 524 2002 in
560 1962 683 2003 rebus
715 1962 939 2018 imposita,
979 1964 1034 2004 uti
1069 1964 1193 2004 tradit
1225 1966 1355 2006 Aulus
1406 1964 1563 2006 Gellius

192 2017 263 2057 lib.
302 2034 363 2062 ιι.
395 2034 415 2059 e
449 2024 516 2072 2‘4.
548 2021 721 2062 Caecilia
754 2021 919 2061 tandem
950 2020 1013 2062 lex
1046 2021 1064 2080 (
1097 2038 1146 2064 ne
1177 2023 1308 2064 dicam
1354 2022 1403 2063 ad
1439 2024 1565 2066 ravim

194 2088 322 2132 usque
352 2076 370 2133 J
403 2095 526 2135 quarn
561 2079 608 2121 C.
642 2079 841 2120 Caecilius
876 2080 1058 2121 Metellus
1090 2081 1301 2124 Tribunus
1335 2081 1458 2138 plebis
1500 2098 1569 2124 an·

193 2148 251 2175 no
281 2138 336 2178 V.
372 2136 416 2177 G.
451 2138 690 2180 DXXXIII.
725 2139 838 2180 Coss.
876 2138 922 2180 L.
967 2140 1140 2181 Veturio
1190 2141 1391 2195 Philone,
1426 2152 1463 2182 et
1520 2141 1566 2184 C.

194 2192 364 2235 Lutatio
396 2196 571 2249 Catulo,
604 2211 683 2254 qua
717 2199 817 2238 ratio
858 2196 1138 2253 poliendurum
1182 2204 1351 2241 vestium
1400 2201 1569 2243 fulloni·

194 2250 271 2290 bus
303 2255 657 2308 praescribebatur.
691 2259 752 2296 Ita
785 2256 939 2297 Plinius
971 2256 1040 2298 lib.
1076 2258 1255 2300 XXXV.
1286 2275 1320 2300 c.
1363 2272 1410 2314 {7
1460 2261 1567 2301 Hist„

196 2306 342 2353 Natum
383 2312 470 2357 Hae
499 2316 604 2371 leges
635 2315 764 2373 igitur
797 2315 899 2359 latae
930 2317 1051 2360 variis
1070 2312 1338 2376 ¹temporibus
1386 2320 1481 2361 satis
1511 2317 1571 2362 in-.
