1920 2579
1510 149 1523 177 ¹
1535 154 1557 191 9

187 210 366 244 cuntur:
405 199 439 240 il
466 200 577 238 molo
613 200 659 239 (Ιί
690 197 911 238 Pozzuoli.
935 195 996 237 Ex
1027 195 1091 238 his
1122 204 1276 237 restant
1311 196 1553 245 nonnullae,

189 276 291 316 quae
325 258 374 300 ad
405 257 573 300 navium
603 257 823 298 stationem
857 267 970 296 erant
1003 264 1276 297 constructae.
1302 255 1343 295 ln
1364 254 1424 294 his
1444 263 1558 296 erant

188 319 328 360 annuli
363 333 409 359 ex
442 330 531 357 aere
559 346 570 364 ‚
621 314 670 356 ad
702 327 804 371 quos
841 312 1080 356 rudentibus
1112 329 1234 357 naves
1269 313 1559 370 alligabantur.

187 377 332 418 btrabo
364 374 523 417 easdem
558 381 759 415 memorat
799 371 871 414 lib.
905 375 960 414 V.
998 383 1036 413 et
1068 373 1224 415 Seneca
1250 404 1261 422 ‚
1302 373 1371 429 qui
1423 371 1565 413 scribit

191 436 304 491 epist.
347 433 561 476 LXXVII.
602 431 748 472 Hodie
798 432 918 472 nobis
949 447 1087 472 naves
1118 432 1460 473 Alexandrinae
1490 446 1566 484 ap-

187 502 458 546 paruerunt,
502 506 612 548 qliae
640 490 858 545 praemitti
890 492 1061 542 solent,
1110 500 1148 530 ec
1186 492 1383 531 nuntiare
1414 498 1574 530 secutu-

191 566 267 591 rae
303 553 457 592 classis
491 553 760 600 adventuum
795 549 1045 590 tabellarias
1077 558 1256 591 vocant.
1287 548 1448 589 Gratus
1482 549 1575 588 illa-

189 625 283 649 rum
322 609 598 663 Campaniae
636 607 868 661 adspectus
902 618 977 648 est.
1018 607 1174 648 Omnis
1211 607 1252 647 in
1281 607 1385 662 pilis
1421 606 1573 647 Puteo-

191 669 331 707 lorum
365 669 483 708 turba
519 667 719 708 consistit.
753 663 933 720 Quidam
981 669 1127 723 putant
1170 664 1293 709 hasce
1346 665 1447 722 pilas
1482 665 1574 705 XX.

139 755 141 757 .
198 725 300 766 alios
336 724 468 780 potius
501 725 642 766 XXV.
680 724 830 772 fu³sse‚
865 734 911 765 ut
943 738 992 766 ex
1026 739 1233 766 marmore
1267 732 1430 781 reperto
1455 731 1576 780 patet.

315 786 447 838 Supra
482 794 712 825 extremam
745 783 873 838 pilam
907 798 955 824 ex
975 798 1099 839 opere
1124 783 1306 824 lateritio
1329 780 1579 838 adsurgebat

197 841 295 883 olim
333 843 487 883 Pharus
524 842 744 883 Puteolana
793 841 919 882 instar
966 840 1294 893 Alexandrinae,
1348 840 1463 880 cuius
1502 854 1581 879 me-

192 901 309 938 minit
351 899 506 940 Plinius
545 900 655 941 Hist.
691 900 839 940 Natur.
875 899 943 939 lib.
982 900 1184 941 XXXVI.
1222 914 1257 941 c.
1304 915 1352 940 12
1388 899 1464 939 hoc
1499 912 1582 938 mo-

191 955 275 997 do:
315 957 435 998 Vsus
472 959 564 997 eius
596 965 807 997 nocturno
840 957 1013 999 navium
1052 958 1201 998 cursui
1229 958 1350 1015 ignes
1383 956 1581 997 ostende-

193 1029 241 1054 re
262 1045 274 1063 ,
309 1015 370 1055 ad
397 1012 754 1069 praenuntianda
788 1015 926 1065 vada,
955 1025 1194 1073 portusque
1229 1016 1463 1058 introitum:
1485 1029 1584 1070 qna-

193 1074 257 1112 Ies
291 1073 379 1113 iam
413 1074 703 1128 compluribus
726 1072 838 1114 locis
857 1074 1062 1131 flagrant
1084 1104 1094 1124 ‚
1129 1084 1172 1114 ut
1197 1075 1406 1122 Puteolis,
1426 1087 1481 1113 ac
1503 1072 1579 1112 Ra-

197 1145 376 1172 vennae.
414 1131 476 1172 Ex
508 1132 645 1189 lapide
679 1141 841 1187 reperto
875 1146 982 1174 anno
1014 1131 1363 1175 MDCLXXVII.
1398 1145 1585 1186 comper-

196 1199 286 1229 tum
320 1189 518 1232 habemus
541 1226 555 1246 ,
584 1188 756 1232 'easdem
792 1191 1033 1233 Puteolanas
1064 1190 1190 1233 moles
1240 1191 1280 1233 vi
1312 1191 1435 1231 maris
1485 1188 1586 1230 olim

195 1249 375 1297 excisas,
418 1258 457 1289 et
489 1249 720 1290 confractas
754 1260 996 1292 restauratas
1028 1265 1111 1292 esse
1160 1250 1211 1292 ab
1251 1251 1466 1294 Antonino
1504 1248 1597 1292 Im?

195 1317 413 1359 peratore,
447 1318 492 1349 ut
522 1307 668 1363 legitur
702 1308 742 1347 in
776 1308 1058 1364 pulcherrimo
1094 1308 1228 1367 lapide
1263 1323 1386 1364 supra
1419 1317 1584 1364 portam

198 1363 470 1406 Puteolanam
504 1381 667 1408 novam.
701 1365 774 1407 Oh
808 1368 910 1408 tanti
940 1367 1128 1410 beneficii
1162 1369 1402 1409 memoriam
1438 1368 1585 1407 Puteo·

196 1420 277 1459 lani
310 1426 414 1463 cives
447 1424 576 1465 eidem
595 1425 837 1480 Imperatori
870 1425 1165 1480 triumphalem
1198 1440 1340 1468 arcum
1359 1432 1587 1475 erexerunt,

212 1478 271 1518 uti
304 1490 441 1521 narrat
472 1481 725 1539 Capitolinus
756 1481 798 1522 in
833 1482 917 1523 eius
949 1483 1058 1524 vita:

305 2042 567 2092 Antiquissimo
596 2054 682 2077 aevo
712 2047 765 2076 tot
793 2049 944 2090 gentes,
974 2049 1008 2076 et
1036 2040 1143 2076 urbes
1170 2050 1275 2090 supra
1305 2044 1370 2080 hoc
1387 2041 1472 2078 litus
1502 2044 1590 2077 exti-

210 2099 305 2134 tere,
333 2105 489 2142 quarum
519 2093 666 2128 urbium
697 2091 833 2127 incolae
860 2091 1124 2129 commercium
1167 2102 1247 2125 cum
1279 2093 1411 2130 vicinis
1430 2119 1440 2136 ‚
1484 2091 1586 2126 dissi-

212 2143 328 2191 tisque
357 2143 499 2192 populis
527 2148 795 2178 exercuerunt:
839 2141 924 2179 hinc
953 2154 992 2177 ea
1021 2140 1064 2176 de
1092 2152 1195 2177 causa
1223 2140 1327 2180 hasce
1358 2141 1468 2179 moles
1509 2154 1586 2191 pas-

211 2191 275 2226 sim
303 2192 337 2227 in
368 2193 572 2229 Pu'teolauo
600 2200 794 2228 erexerunt
821 2190 966 2230 Cratere
989 2218 999 2235 ‚
1039 2204 1113 2241 quo
1142 2193 1367 2230 commodius
1413 2204 1590 2228 commer-

212 2241 308 2276 cium
338 2241 512 2279 haberent
535 2271 546 2289 ‚
577 2253 611 2280 et
641 2251 680 2279 ut
707 2241 943 2281 advenientes
973 2241 1018 2279 ad
1045 2242 1132 2280 haec
1161 2241 1238 2279 loca
1266 2246 1381 2282 tutius
1409 2256 1516 2293 super
1544 2243 1587 2278 li-

212 2297 268 2327 tus
296 2291 567 2331 descenderent.

1281 2385 1298 2402 ᾳ
