1920 2579
350 157 376 186 Ο
591 188 595 192 .

318 157 554 253 Ξοησωῐα,
592 211 666 242 aut
700 203 851 244 clausa
886 205 1054 248 hamus.
1090 205 1211 249 Mox
1245 207 1585 254 domesticorum
1624 220 1693 256 cic-

319 275 370 299 να
406 261 541 300 levem
583 262 790 301 tumulum
825 266 1023 318 accepit,
1061 264 1173 306 viam
1211 267 1379 308 Miseni
1402 280 1613 324 pt'opter5
1650 279 1695 314 et

317 318 475 358 villam
519 317 725 359 Caesaris
761 321 1031 372 Dictatom‘s,
1066 337 1181 379 quae
1212 327 1427 367 subiectos
1461 329 1582 369 sinus
1600 328 1693 371 edi‘-

319 376 484 415 tissima
512 387 782 431 prospectat.
819 379 1027 421 Confersis
1059 381 1244 423 Suetonii
1274 383 1315 424 in
1349 387 1512 426 Nerone
1544 401 1581 430 e.
1635 392 1691 441 34

319 443 476 473 textum
510 445 601 474 ante
634 433 835 487 allatum,
871 437 936 479 ubi
972 441 1111 481 matris
1144 452 1318 483 mortem
1353 455 1523 485 enarrat.

442 492 553 532 Haec
585 495 774 535 omnium
809 498 1042 538 mortalium
1060 507 1189 539 mater
1204 499 1476 542 infelicissima
1497 503 1580 544 fato
1600 502 1703 544 obiit

320 548 338 606 ζ
371 549 430 589 uti
462 550 642 592 creditur
673 553 836 608 ),anno
870 555 980 596 LIX.
1015 566 1106 610 post
1152 556 1377 598 Christum.
1429 560 1534 600 Cum
1584 561 1695 602 enim

319 608 494 649 crudelis
525 608 638 652 Nero
670 625 715 651 ex
746 613 994 669 Agrippinae
1029 615 1201 670 parentis
1234 616 1452 670 praesentia
1502 619 1701 673 defatiga-

318 675 385 706 tus
417 678 544 718 esset⁷
579 671 830 710 occasionem
862 670 1038 727 arripit]
1076 686 1160 727 quo
1206 672 1315 713 iliam
1361 674 1487 715 modo
1536 676 1699 717 tolleret

319 739 341 764 e
373 725 486 765 vivis.
518 726 627 766 Hinc
659 742 741 768 non
774 730 927 777 semel,
961 729 1029 770 sed
1062 729 1210 784 pluries
1242 732 1397 785 parenti
1432 743 1606 774 mortem
1626 750 1694 789 pa-

318 783 436 822 ravit.
468 783 636 838 Saepius
667 802 824 829 veneno
858 787 1117 828 inficiendam
1149 790 1387 844 excogitavit
1418 789 1537 832 filius:
1561 802 1601 832 at
1621 792 1706 832 fru-

318 851 431 892 stra,
463 855 559 881 cum
593 857 634 883 ea
670 860 797 902 usque
830 849 1086 902 praemonita
1132 848 1358 903 periculum
1413 846 1592 891 evaserit.
1637 849 1705 889 In-

319 908 430 939 terea
460 902 575 940 Nero
616 902 804 945 idoneam
838 903 1057 960 arripiebat
1090 908 1439 962 opportunitatem
1460 938 1474 956 ,
1511 923 1595 963 quo
1613 922 1703 948 eam

320 969 519 1007 necaret,
553 963 695 1002 mortis
727 978 890 1003 causam
924 963 1008 1004 aliis
1041 963 1224 1005 tribuens
1247 995 1259 1012 ,
1300 980 1348 1004 ne
1398 964 1705 1006 existimationis

321 1014 520 1056 iacturam
555 1017 714 1061 faceret.
746 1024 854 1063 Hinc
887 1023 1040 1063 factum
1060 1054 1070 1073 ‚
1105 1033 1149 1063 ut
1182 1039 1202 1063 e
1232 1022 1386 1071 libertis
1418 1024 1585 1079 quidam
1605 1025 1706 1073 Ani·

320 1085 434 1115 cetus
467 1078 634 1118 nomine
659 1110 669 1129 ,
703 1095 774 1133 per
805 1095 850 1120 ea
882 1076 1068 1134 tempora
1117 1081 1239 1121 classi,
1279 1081 1494 1121 Misenensi
1547 1080 1704 1140 Praefe-

317 1141 436 1180 ctus,
471 1129 723 1189 Agrippinae
760 1139 901 1179 matris
929 1139 1212 1189 adversarius,
1244 1150 1282 1179 et
1314 1139 1657 1180 assentationibus
1677 1170 1692 1189 ,

322 1199 362 1230 et
391 1189 598 1232 blanditiis
630 1193 672 1234 in
726 1197 923 1252 principis
975 1196 1315 1237 consuetudinem
1363 1197 1613 1247 immersus,
1666 1196 1708 1236 in

320 1257 495 1289 matrem
530 1249 673 1292 dolum
709 1254 943 1296 commoliri
978 1254 1192 1296 studuerit.
1224 1255 1349 1310 Apud
1368 1255 1483 1294 Baias
1501 1254 1550 1294 ad
1571 1256 1705 1309 Quin-

320 1307 484 1362 quatria
519 1309 619 1350 festa
654 1311 672 1368 (
705 1323 750 1353 ut
784 1312 961 1354 diximus
993 1315 1011 1366 )
1048 1313 1260 1364 evocavit3
1294 1327 1397 1368 quae
1430 1327 1572 1352 navem
1605 1327 1700 1352 con-

320 1365 533 1419 scendens,
565 1383 611 1408 ex
643 1371 770 1411 Antio
803 1371 950 1412 Baulos
970 1372 1155 1425 perrexit.
1178 1371 1287 1411 Hinc
1320 1371 1386 1411 illa
1418 1369 1469 1410 ad
1501 1369 1597 1409 litus
1618 1384 1708 1425 per-

319 1423 485 1464 veniens
510 1456 523 1474 ,
562 1438 700 1481 aperto
733 1430 892 1483 navigio
913 1429 1116 1484 extemplo
1139 1459 1151 1477 ‚
1183 1428 1234 1469 ad
1266 1428 1360 1468 litus
1394 1429 1570 1470 enatavit
1601 1427 1711 1466 inco-

324 1480 460 1522 lumis.
493 1479 618 1525 Haud
648 1500 711 1528 res
755 1487 907 1528 isthaec
939 1486 1043 1527 felici
1075 1486 1212 1529 omine
1240 1486 1414 1527 accidit:
1459 1487 1555 1526 hinc
1600 1485 1709 1526 Nero

326 1540 367 1579 in
402 1553 610 1596 parentem
642 1545 766 1599 magis
804 1546 953 1587 saeviit.
979 1547 1099 1586 Tunc
1131 1544 1238 1584 illam
1272 1545 1440 1598 benigne
1473 1543 1642 1598 excepit,
1666 1558 1711 1583 ae

324 1608 420 1653 post
451 1600 718 1643 lautissimam
753 1618 921 1644 coenam
954 1603 1064 1658 apud
1096 1602 1245 1643 Baulos
1278 1603 1317 1642 in
1357 1602 1565 1644 Hortensii
1617 1602 1710 1640 villa

327 1650 501 1697 inatrem
534 1660 699 1712 dimisit,
732 1677 836 1717 quae
866 1662 1014 1701 iterum
1048 1660 1087 1699 in
1119 1660 1321 1714 navigium
1357 1662 1488 1716 ipsum
1518 1673 1710 1724 conscen-

330 1713 404 1756 dit.
438 1715 527 1771 Ipsa
576 1732 671 1758 cum
720 1719 923 1761 Aceronia
954 1732 1140 1760 sermone
1171 1718 1359 1758 instituto
1383 1753 1395 1772 ,
1430 1716 1645 1758 crudehter
1688 1733 1710 1757 a

332 1774 484 1815 sicariis
518 1787 721 1819 enecatur.
741 1779 851 1818 Haec
880 1778 1017 1820 omnia
1049 1787 1185 1818 narrat
1216 1776 1381 1818 Tacitus
1413 1791 1446 1818 c.
1482 1777 1503 1816 8
1527 1774 1710 1816 eiusdem

332 1830 440 1874 libri.

462 1890 529 1932 Ad
557 1892 788 1934 Baulorum
820 1903 954 1949 tergus
987 1903 1046 1933 est
1077 1892 1204 1945 locus,
1223 1907 1343 1949 quem
1368 1891 1526 1933 accolae
1547 1891 1586 1930 in
1607 1905 1718 1946 prae-

333 1949 557 1991 sentiarum
592 1953 712 2008 vulgo
743 1954 949 2008 appellant
981 1952 1181 1992 Mercato
1225 1952 1299 1991 a'el
1323 1950 1528 2000 Sabbato,
1552 1959 1589 1989 et
1613 1950 1711 2008 Ety-

335 2007 390 2048 sia
427 2008 534 2066 (1),·
559 2004 863 2068 quippe²qu0d
893 2025 1027 2067 sparsa
1049 2012 1209 2065 passim
1242 2009 1507 2049 adservantur
1538 2021 1609 2063 per
1653 2006 1710 2049 lo-

426 2194 504 2244 ·(1)
533 2195 738 2241 Elysiorum
785 2205 932 2247 etymon
974 2193 1186 2240 Mazochius
1213 2194 1248 2232 in
1278 2188 1394 2232 Vossii
1439 2195 1642 2244 Etymolog.
1672 2195 1718 2232 V.

342 2244 482 2280 Efficias
509 2239 648 2283 derivat
666 2262 694 2283 a
721 2246 916 2286 Phoenicio
948 2249 1078 2297 Elieh,
1107 2247 1206 2297 quod
1235 2262 1253 2282 a
1291 2247 1444 2281 fulmine
1491 2254 1634 2301 tactu-m·
1671 2258 1718 2279 s·-

340 2294 487 2341 gnificat
506 2309 517 2330 .·
548 2310 631 2332 nam
659 2309 698 2332 ea
726 2298 803 2334 loca
832 2298 931 2336 i‘n-xta
957 2301 1192 2349 antiquorum
1219 2298 1426 2347 opinionem
1456 2295 1653 2334 vulcanicis
1679 2308 1717 2330 e-

337 2345 566 2393 ruptionibus
594 2357 736 2396 perusta
764 2348 879 2385 fuere.
