1920 2579
1465 165 1545 214 275

167 217 352 274 florum,
385 232 551 260 necnon
581 226 622 260 et
650 216 822 269 deferre
853 219 1028 259 arbores
1059 227 1237 260 ornatas
1243 215 1434 269 floribus
1457 251 1469 269 ‚
1503 232 1543 262 ec

182 275 340 318 avibus
384 276 577 319 diversis.
624 279 685 318 En
721 277 841 330 igitur
892 292 939 317 ex
977 275 1107 317 allatis
1151 278 1281 321 verbis
1323 275 1413 316 festi
1466 279 1544 319 diei

180 336 294 389 origo
336 335 456 389 vulgo
490 334 821 391 Inglzirlandata
845 364 857 383 ,
892 334 941 375 de
982 349 1063 391 qua
1082 334 1218 376 adhue
1243 350 1389 378 nornen
1413 347 1545 377 restat:

181 395 276 434 Hoc
308 392 417 435 idem
448 404 731 450 nuncupatum
761 406 782 431 a
815 390 983 435 Graecis
1015 392 1093 434 fuit
1122 394 1325 442 Pofflwov‘,
1354 392 1549 446 Bosana,

179 450 267 493 sive
299 466 483 493 rosarum
513 450 778 502 solemnitas;
811 449 908 492 hinc
938 449 1177 493 Sacerdotes
1211 447 1384 492 floribus
1427 464 1550 510 caput
1595 496 1597 498 ,

181 507 417 550 redimitum
448 508 653 551 habebant
675 540 686 559 ,
736 517 777 549 et
808 509 1083 566 supplicatum
1116 505 1403 565 procedebant.
1457 511 1549 553 Mo-

182 581 271 608 rem
302 569 412 609 hunc
462 577 587 623 caput
617 564 768 610 ferendi
800 567 1038 623 redimitum
1088 567 1131 608 in
1181 568 1551 623 supplicationibus

182 638 267 667 nort
298 626 432 667 solum
462 626 670 683 Neapoli,
703 641 845 669 verum
879 626 1001 668 etiam
1031 625 1117 668 aliis
1149 625 1192 666 in
1224 624 1326 668 locis
1378 628 1551 682 viguisse

181 682 312 740 liquet
335 715 346 733 ‚
380 699 475 726 cum
510 684 578 725 SS.
612 685 842 743 Martyrum
875 685 1025 726 festum
1055 680 1220 741 aliquod
1251 683 1551 729 Translationis

184 743 456 797 peragebatur
478 774 490 792 ‚
525 743 582 784 uti
615 751 774 786 constat
807 758 853 783 ex
886 743 1108 785 Ambrosio
1140 743 1282 784 Leone
1314 747 1419 785 Hist.
1455 745 1551 789 Nol.

184 799 257 841 lib.
290 800 360 841 111.
393 816 429 843 c.
467 814 509 841 11
530 831 542 851 ,
592 801 792 858 Vghellio
824 801 915 845 Ital.
947 802 1058 845 Sacr.
1110 810 1207 843 tom.
1253 802 1329 844 VI.
1379 803 1550 861 aliisque

185 858 255 915 qui
286 857 428 900 eadem
476 870 655 904 narrant.
678 861 788 903 Hinc
826 860 1089 903 caracciolus
1141 860 1203 901 De
1255 859 1370 904 Eccl.
1418 864 1548 922 Neap.

185 916 374 961 Monum.
410 934 446 961 c.
479 932 533 960 20
584 918 632 961 de
666 920 744 961 hoc
775 918 879 961 festo
909 918 965 960 ita
1016 918 1191 962 scribit:
1225 918 1369 962 Erant
1409 931 1554 963 autem

188 975 338 1016 clerici
374 991 526 1018 omnes
560 982 602 1018 in
635 993 759 1019 sacro
795 979 868 1018 illo
901 979 1105 1020 comitata
1127 1008 1138 1029 ‚
1172 980 1354 1019 corollis
1408 982 1552 1034 capim

188 1033 401 1074 redimiti:
434 1035 548 1075 unde
579 1052 675 1077 vox
709 1036 771 1077 ad
797 1041 1261 1091 posteros-manavit,
1317 1038 1439 1078 Preti
1487 1039 1554 1078 In-

186 1091 461 1146 gbirlandati.
496 1093 597 1135 [Van
637 1096 779 1135 solum
810 1093 873 1135 ad
906 1103 1051 1134 aestus
1080 1095 1407 1148 propulsandos
1428 1126 1440 1144 ‚
1473 1096 1554 1136 sed

186 1158 229 1189 nt
257 1150 382 1206 signo
415 1151 481 1190 illi
511 1152 720 1192 redditam
757 1153 846 1192 iam
886 1150 1117 1192 Ecclesiae
1145 1166 1306 1205 pacem
1342 1151 1556 1208 exprt‘me-

186 1216 292 1248 rent.
327 1208 520 1250 Attamen
555 1208 793 1251 Mazochius
826 1207 875 1250 de
909 1209 1024 1250 Eccl.
1057 1207 1176 1250 Cath.
1212 1209 1336 1253 Vnic.
1370 1226 1466 1268 pag.
1505 1213 1557 1263 54

186 1263 268 1306 hoc
299 1264 446 1307 festum
486 1276 671 1309 autumat
707 1267 912 1324 originem
948 1268 1169 1324 sumpsisse
1200 1283 1218 1308 a
1254 1270 1295 1310 S.
1347 1270 1557 1312 Timothei

185 1324 380 1380 Martyris
428 1324 529 1366 festo
559 1357 572 1375 ,
618 1326 729 1382 quod
776 1327 874 1366 olim
921 1326 1277 1381 Constantinopoli
1343 1329 1556 1383 agebatur.

187 1378 301 1422 Idem
319 1383 503 1435 signatur
517 1383 557 1423 in
576 1392 736 1424 vetusto
756 1383 1029 1436 Neapolitano
1048 1382 1296 1425 Kalendario
1315 1384 1395 1427 hoc
1416 1386 1555 1427 modo:

187 1437 297 1478 XIII.
333 1439 458 1480 Febr.
493 1441 757 1481 Rlzoclismon
777 1440 820 1481 S.
845 1441 1068 1482 Timothei.
1091 1441 1250 1484 Citatus
1270 1452 1362 1484 ante
1381 1443 1557 1486 Ritualie

190 1495 294 1537 liber
327 1497 567 1539 Orsinianus
589 1498 944 1556 supplicationem,
964 1513 1066 1556 quae
1085 1499 1168 1542 iam
1187 1507 1235 1542 ex
1280 1516 1328 1543 eo
1376 1511 1560 1559 tempore

191 1553 314 1595 fiebat
352 1556 393 1597 in
443 1558 481 1596 S.
528 1557 702 1598 Ianuarii
752 1557 951 1599 honorem
1001 1558 1060 1601 ita
1129 1559 1371 1616 praescribit
1409 1576 1417 1601 :
1481 1566 1565 1602 Do-

189 1617 331 1653 minus
385 1615 751 1671 Archiepiscopus
785 1647 1014 1660 ......
1041 1619 1433 1670 processionaliter
1464 1633 1563 1660 cum

195 1670 391 1725 Capitulo
431 1688 508 1715 sno
540 1683 619 1714 toto
640 1705 652 1724 ‚
683 1675 935 1730 Episcopis,
982 1674 1217 1718 Abbatibus
1239 1708 1251 1726 ,
1317 1676 1445 1718 Clero
1479 1678 1561 1718 uni·

192 1743 314 1769 verso
336 1760 345 1779 ,
367 1736 528 1773 eunctis
557 1732 611 1772 de
637 1734 801 1788 populo
850 1733 1000 1774 ibidem
1035 1735 1308 1792 congregatis
1336 1735 1454 1776 vadit
1499 1736 1560 1776 ad

192 1787 469 1840 Ecclesiam,
508 1795 549 1830 in
582 1806 664 1848 qua
697 1801 825 1845 capnt
854 1792 1091 1833 beatissimi
1127 1794 1320 1835 Ianuarii
1368 1793 1563 1835 recondi-

194 1855 274 1886 utm
298 1846 480 1901 fuerat,
516 1848 578 1890 die
609 1851 783 1891 Sabbati
808 1850 1007 1903 proxime
1031 1851 1333 1905 praecedentis
1352 1883 1365 1902 ,
1397 1852 1450 1892 de
1470 1867 1559 1893 ma·

193 1921 244 1948 ne
265 1936 275 1955 ‚
309 1914 353 1945 ut
381 1907 578 1960 superius
614 1909 899 1962 exprimitur,
931 1918 972 1949 et
1002 1923 1101 1950 cum
1138 1911 1197 1951 ibi
1215 1907 1351 1962 ficerit
1382 1916 1556 1959 univer-

192 1966 293 2006 sicas
322 1969 499 2006 civitatis
532 1964 849 2018 Neapolitanae
868 1998 881 2017 ,
911 1981 1025 2024 quae
1056 1978 1190 2024 caput
1220 1968 1471 2010 beatissimi
1505 1973 1567 2010 Ia·

191 2027 328 2066 nuarii
377 2024 601 2063 associare
649 2034 814 2065 tenetur
842 2054 1072 2069 ......
1106 2027 1199 2068 duo
1241 2028 1296 2068 de
1335 2026 1565 2082 praedicta

189 2081 472 2122 universitate
499 2081 553 2122 de
576 2082 726 2136 platea
768 2083 974 2133 Capitana
995 2115 1010 2134 ,
1046 2095 1087 2126 et
1115 2083 1225 2127 Ntdt
1243 2117 1255 2135 ,
1275 2095 1315 2128 et
1340 2085 1449 2127 inde*
1481 2086 1563 2126 duo

189 2140 244 2180 de
272 2139 367 2182 aliis
400 2139 558 2193 plateis
581 2171 591 2189 ,
625 2150 664 2180 et
699 2141 784 2182 cluo
819 2141 873 2181 de
921 2142 1088 2196 populo
1135 2154 1320 2199 portare
1371 2153 1564 2185 tenentur

192 2212 325 2252 supra
372 2207 500 2253 caput
564 2199 799 2240 beatissimi
846 2199 1050 2243 Ianuarii
1101 2203 1288 2257 pallium
1341 2217 1440 2243 cum
1491 2203 1565 2243 Iza-

194 2256 269 2296 stis
299 2269 420 2296 more
462 2256 603 2297 solito.
644 2256 932 2312 Quodfcaput
973 2265 1017 2301 in
1050 2260 1121 2302 die
1148 2260 1379 2316 praedicta
1419 2260 1564 2312 defer-

199 2327 246 2353 re
313 2323 508 2356 tenentur
569 2314 770 2372 Praelati
835 2330 981 2374 usque
1042 2319 1100 2361 ad
1146 2319 1313 2370 tertium
1374 2320 1562 2376 spatium

1201 2378 1219 2398 8·
