1920 2579
1487 78 1566 122 135

318 148 409 205 Ipse
439 145 603 190 Tacitus
635 139 788 188 ibidem
819 138 972 193 tradit,
1003 139 1220 181 Senatum,
1249 137 1465 180 certiorem
1513 147 1578 178 tu-

203 207 357 250 multus
388 206 569 256 factum,
601 200 831 244 Livineium
850 230 862 253 ,
895 209 934 241 et
965 208 1149 241 auctores
1182 196 1299 240 exilio
1348 195 1540 238 multasse
1560 226 1572 248 ‚

205 277 245 307 et
277 265 522 322 Pompeiana
555 260 724 318 collegia
758 274 830 315 per
861 258 1002 301 decem
1040 271 1168 298 annos
1199 253 1469 314 prohibuisse3
1495 254 1576 296 Cu-

206 326 274 366 ius
310 325 376 365 rei
401 322 609 365 iudicium
635 321 845 376 princeps
875 321 1086 372 senatui,
1118 325 1295 358 senatus
1322 315 1578 356 consulibus

206 383 420 438 permisit.
450 381 514 423 Ec
542 393 690 421 rursus
711 393 760 420 re
781 377 845 419 ad
873 386 1019 439 patres
1057 375 1232 427 delata,
1262 373 1472 430 prohibiti
1500 388 1582 428 pu—

210 442 321 483 blice
354 441 399 482 in
429 442 580 482 decem
611 452 749 482 annos
780 435 994 479 eiust-‘nodi
1021 444 1165 478 coetus
1185 432 1460 488 Pompeiani,
1484 446 1584 473 con-

212 501 413 558 legiaque
451 513 565 558 quae
603 507 755 539 contra
787 497 908 554 leges
929 495 1229 545 instituerant,
1265 492 1483 533 dissoluta,
1505 489 1576 530 Li-

211 559 380 599 vineius
398 589 412 609 ‚
447 567 490 599 et
520 561 593 615 qui
609 556 690 599 alii
701 555 958 600 seditionem
974 557 1286 606 convicerant,
1316 550 1452 591 exilio
1474 548 1581 590 mul-

200 617 277 658 tati
311 626 426 660 sunt.

310 675 500 717 Alterum
535 673 768 716 aedificium
804 672 917 730 quod
956 671 1164 727 integrum
1200 683 1367 728 quoque
1399 677 1537 711 manet
1558 699 1571 718 ,

195 744 254 774 est
292 733 454 774 Forum
490 733 816 789 Pompeianum,
845 730 960 787 quod
992 728 1061 770 alii
1095 730 1168 786 (1)
1201 727 1383 771 militum
1417 740 1568 778 arcem,

200 792 262 831 vel
299 801 476 832 castrum
508 790 562 832 ad
597 790 707 832 urbis
740 788 1078 846 tranquillitatem
1111 786 1297 829 credunt.
1335 786 1431 827 Hoc
1474 797 1574 840 qua-

196 848 362 890 dratum
397 858 485 901 est,
536 848 739 907 habetque
785 848 995 889 columnas
1032 845 1232 889 LXXIV.
1269 858 1375 902 quae
1420 852 1575 886 res-tant

197 905 331 946 adhue
365 921 414 947 ex
449 916 729 957 marmorato,
763 920 791 946 a
828 914 977 946 stuc-co
1010 902 1154 944 ordine
1176 904 1343 944 Dorico.

308 963 437 1004 Extra
475 962 587 1004 urbis
624 972 789 1019 portam
833 961 1181 1002 Herculanensem
1227 960 1371 1001 visitur
1410 960 1559 1002 domus
1579 963 1780 993 Aufidum.

193 1020 323 1062 Marci
358 1020 469 1064 Arrii
505 1020 719 1063 Diomedis
751 1019 960 1062 Ciceronis
978 1017 1202 1062 familiaris·
1221 1018 1334 1060 Haec
1353 1019 1450 1059 satis
1465 1033 1572 1060 sum-

193 1089 339 1137 ptuosa
377 1080 455 1122 fuit
471 1112 488 1133 ,
528 1078 787 1136 habebatque
822 1078 928 1121 duos
965 1077 1130 1121 ordines
1151 1110 1162 1132 ‚
1198 1093 1269 1120 seu
1316 1077 1449 1120 Plani
1465 1110 1480 1130 ,
1527 1078 1569 1119 in

192 1153 372 1195 quorum
409 1140 538 1182 altero
575 1138 771 1182 balneum
805 1147 864 1179 est
899 1152 995 1179 cum
1030 1152 1161 1196 parvo
1198 1135 1439 1189 sudam-io,
1487 1136 1572 1178 sive

190 1197 398 1241 calidario.
429 1198 476 1240 In
511 1200 649 1257 primo
682 1197 829 1240 ordine
864 1197 1053 1241 cubicula.
1090 1198 1280 1239 visuntur
1321 1195 1490 1238 diversis
1505 1210 1572 1237 or-

193 1267 287 1298 nata
320 1258 526 1314 picturis,
566 1268 607 1301 et
646 1257 880 1315 pavimenta
914 1271 1039 1314 opere
1077 1257 1293 1299 tessellato·
1319 1255 1452 1312 Prope
1468 1254 1574 1296 hanc

192 1314 365 1358 domum
407 1326 492 1358 erat
524 1317 674 1360 hortus
691 1348 706 1367 ,
738 1327 786 1358 ut
820 1330 865 1357 ex
901 1314 1122 1359 ruderibus
1136 1329 1242 1373 quae
1269 1324 1488 1371 supersunt
1510 1312 1574 1354 ad-

191 1373 274 1414 buc
310 1385 494 1431 apparet.
529 1375 577 1417 In
620 1376 743 1417 huius
768 1374 919 1417 domus
954 1374 1240 1429 subterraneis*
1285 1372 1394 1415 cella·
1417 1371 1571 1414 vinaria

192 1431 285 1472 satis
317 1432 529 1487 magnifica
557 1434 706 1477 visitur
742 1448 840 1474 cum
876 1433 1085 1492 amphoris
1102 1431 1282 1489 repertis³
1304 1433 1438 1487 Prope
1457 1430 1566 1472 hanc

193 1490 463 1544 sepulchrum
499 1491 578 1532 fuit
616 1491 812 1534 effossum
829 1508 845 1533 ε
879 1491 937 1534 ad-
979 1492 1089 1534 Arrii
1125 1490 1331 1533 familiam
1367 1497 1566 1546 spectasse

194 1563 240 1588 ex
275 1547 480 1606 lapidibus
517 1549 730 1592 clarescit:

1628 660 1735 690 Forum.

289 1753 346 1801 (ι)
373 1754 592 1789 lastinianus
618 1755 759 1790 Dizi0n.
786 1755 846 1791 del
872 1757 994 1803 Regno
1024 1756 1062 1791 di
1089 1755 1181 1803 Nap.
1222 1754 1323 1791 artic.
1377 1755 1534 1802 Pompei
1563 1782 1573 1798 ‚

188 1802 290 1839 hune
317 1804 437 1840 locum
464 1804 563 1839 haud
589 1804 699 1840 fuisse
726 1805 840 1840 credit
866 1806 1024 1841 militum
1048 1816 1187 1850 arcem,
1216 1803 1278 1839 sed
1303 1800 1441 1840 Forum
1460 1804 1577 1840 Nun-

187 1852 383 1890 dinarium.
413 1853 562 1890 Circum
589 1853 685 1889 idem
713 1853 918 1890 aedificium
944 1854 1064 1904 plures
1093 1854 1258 1890 tabernae
1286 1854 1331 1889 ad
1359 1854 1500 1890 civium
1531 1867 1573 1889 u-

187 1916 273 1939 sum
301 1910 400 1940 erant
427 1904 620 1953 dispositae
644 1932 652 1948 ‚
684 1903 746 1939 ubi
774 1905 876 1953 plura
921 1918 1015 1955 quae
1055 1903 1101 1940 ad
1141 1905 1252 1940 vitam
1291 1903 1570 1949 inserviebant,

184 1954 453 1990 vendebantur.
482 1956 523 1990 In
552 1955 618 1990 hoc
647 1955 756 1990 etiam
783 1968 938 1992 carceres
966 1954 1111 1992 extitere
1133 1981 1143 1998 ,
1175 1955 1236 1990 ubi
1265 1954 1467 1991 infelicium
1491 1953 1573 2003 opi-

184 2003 365 2042 danorum
394 2017 585 2055 compages
613 2011 770 2052 repertae
797 2005 1031 2055 compedibus
1060 2004 1292 2041 detentorum
1318 2017 1402 2041 cum
1445 2005 1571 2041 mihti-

182 2054 265 2089 bus*
283 2055 327 2091 ad
354 2056 510 2104 ipsorum
539 2055 752 2091 custodiam.
782 2056 823 2092 In
850 2055 934 2092 Fori
964 2055 1072 2091 huius
1099 2056 1217 2092 medio
1244 2056 1334 2092 fons
1366 2056 1486 2092 aderat
1527 2056 1571 2091 ad

184 2103 457 2142 advenientium
486 2105 718 2142 commodum
737 2133 746 2150 ‚
778 2113 817 2142 ut
844 2119 885 2142 ex
914 2106 1027 2142 ruinis
1055 2105 1175 2143 videre
1202 2115 1267 2142 cst.
1297 2107 1415 2156 Supra
1456 2107 1572 2142 inter-

186 2154 419 2192 columnium
447 2155 616 2192 solarium
646 2157 793 2205 Ρπετρον
821 2164 956 2201 restat,
1001 2158 1168 2206 quamvis
1203 2169 1297 2207 pene
1334 2157 1495 2193 dirutum
1525 2155 1571 2192 ad

186 2205 322 2241 civium
349 2207 661 2242 deambulantium
691 2208 863 2243 solamen.
891 2208 968 2243 Hoc
996 2207 1205 2244 aedificium
1232 2207 1338 2257 pedes
1380 2208 1488 2244 habet
1537 2205 1573 2243 in

185 2268 265 2304 agro
293 2263 440 2294 centum
467 2285 476 2302 ‚
509 2258 546 2293 in
573 2257 688 2294 fronte
717 2257 924 2309 sexaginta.
