1920 2579
1507 160 1563 204 29

193 236 275 278 qne
310 232 437 275 usque
470 211 689 256 luxuriavit
719 209 917 252 diuturna
961 208 1229 267 Saeculorum
1278 206 1559 262 longaevitate.

188 284 344 321 Everso
384 277 482 316 hinc
516 275 804 320 Romanorum
825 270 1003 325 Imperio
1024 300 1040 319 ,
1075 267 1150 326 per
1184 264 1460 306 Barbarorum
1482 280 1565 306 ma-

190 353 266 378 nus
303 336 448 377 misere
479 331 646 372 corruit.
675 327 928 368 Genserieus
965 327 1076 368 enim
1110 338 1220 366 anno
1257 323 1498 366 CCCCLV.
1520 333 1568 365 ut

196 405 332 436 narrat
364 402 505 434 auctor
545 386 752 429 Historiae
770 384 974 427 Miscellae
989 384 1061 428 lib.
1082 383 1204 427 XVI.
1224 383 1462 424 Gothorum
1482 383 1570 424 Rex

191 455 373 509 primum
407 449 568 505 Capuae
601 445 692 488 urbi
737 446 875 485 ruinas
905 444 1073 495 attulit,
1108 453 1148 484 et
1180 458 1251 500 per
1293 440 1336 482 id
1371 439 1569 496 temporis

195 513 235 552 in
275 520 388 568 parte
421 507 499 548 fuit
531 511 752 546 restaurata
783 519 805 544 a
837 501 1022 559 quodam
1047 502 1292 543 Posthumio
1322 499 1571 558 Campaniae

198 566 411 610 Consulari
436 564 505 622 (ι)
525 594 542 616 ‚
567 574 614 604 ut
643 562 812 619 patescit
843 573 892 603 ex
912 573 1117 604 marmore
1135 569 1296 617 reperto
1318 572 1446 615 prope
1478 571 1568 598 am·

198 627 501 684 phitheatrum.-
759 678 767 685 ο
1155 678 1162 685 ·
1240 677 1248 685 ·

311 684 478 725 Adhaec
513 677 819 734 Langobardica
855 677 1016 734 vigente
1049 678 1344 729 dominatione,
1365 690 1448 731 quo
1465 685 1573 717 tem*

206 756 304 796 pore
356 740 636 781 Radelehisius
672 739 1058 778 Beneventanorum
1104 736 1297 791 Princeps
1345 735 1571 789 Campanis

204 798 522 846 infensissimus,
561 794 674 851 quod
704 794 745 833 hi
766 793 1005 848 Siniculpho
1027 794 1376 839 Salernitanorum
1395 793 1578 849 Principi

201 866 330 896 essent
380 854 572 909 accepti,
605 855 846 893 'Saracenos
901 852 976 892 sibi
1027 851 1204 904 accivit,
1251 860 1292 892 et
1333 849 1519 891 adiunxit
1555 859 1581 906 ,Ἀ

207 913 385 967 Capuam
409 915 642 966 primariam
679 912 833 963 redegit
862 911 904 949 ἱη
940 914 1122 966 cinerem
1148 940 1161 959 ,
1200 919 1246 949 ut
1281 918 1420 947 narrat
1456 907 1570 964 apud

203 967 264 1008 Cl.
292 969 571 1009 Muratorinin
603 981 834 1022 anonymus
863 966 1114 1007 cassinensis
1144 976 1241 1007 tom.
1279 966 1331 1005 11.
1365 966 1459 1005 Rer.
1493 966 1575 1013 Ita-

206 1025 269 1066 lic.
303 1028 356 1068 Et
392 1024 542 1066 Paulus
579 1025 783 1066 Diaconus
815 1023 885 1066 lib.
919 1024 976 1066 V.
1007 1024 1116 1066 Hist.
1151 1022 1338 1079 Langob.
1375 1023 1431 1063 sic
1450 1024 1573 1065 etiam

291 1217 353 1269 (i)
381 1224 485 1259 Iuvat
512 1222 593 1258 heic
620 1223 777 1258 breviter
803 1220 974 1258 adnotare
1002 1235 1020 1257 a
1048 1234 1206 1273 quonam
1225 1249 1236 1267 ,
1265 1228 1302 1257 et
1329 1222 1479 1271 quando
1520 1224 1580 1259 in-

208 1273 322 1309 stituti
350 1273 482 1308 fuerint
508 1272 727 1309 Consulares
771 1271 854 1310 viri.
884 1273 942 1309 Ex
970 1272 1091 1309 Plinio
1119 1272 1214 1310 Hist.
1249 1272 1380 1309 Natur.
1422 1272 1487 1309 lib.
1516 1273 1572 1308 Ill

204 1337 234 1358 e.
264 1323 286 1358 5
312 1324 472 1372 primum
500 1324 666 1357 certiores
693 1323 777 1358 facti
807 1334 935 1358 sumus
956 1347 969 1368 ‚›
996 1323 1210 1373 Augustum
1254 1323 1395 1359 circiter
1434 1336 1576 1360 annum

202 1372 251 1408 V.
283 1374 324 1408 C.
353 1372 616 1408 DCCXXVHI.
635 1373 785 1407 *Italiam
812 1373 850 1408 in
894 1372 1064 1409 undecim
1112 1373 1276 1411 divisisse
1310 1373 1478 1423 regiones
1502 1401 1512 1418 ,
1543 1381 1580 1410 et

205 1423 349 1458 sortasse
377 1422 528 1471 singulis
556 1423 784 1471 magistratus
811 1423 1076 1459 Proconsulum
1118 1424 1273 1460 nomine
1313 1424 1358 1459 ad
1397 1424 1574 1473 cuiusque

205 1472 366 1520 regimen
395 1472 611 1520 adsignasse.
639 1474 770 1508 Verum
799 1473 954 1521 sequiori
977 1486 1063 1509 aevo
1091 1473 1276 1509 Hadriano
1296 1486 1426 1523 nempe
1454 1474 1570 1523 Impe—

204 1522 300 1556 rium
329 1521 534 1556 moderante
565 1535 685 1558 rursus
713 1529 872 1565 mutata,
898 1530 932 1558 et
959 1524 996 1558 in
1024 1531 1179 1573 quatuor
1206 1525 1383 1572 regiones,
1423 1530 1570 1574 provin-

203 1571 319 1607 ciasve
348 1572 454 1607 divisa
473 1599 482 1614 ,
513 1572 723 1607 Consularis
752 1573 805 1607 vir
831 1573 966 1621 cuique
993 1572 1110 1610 datus.
1134 1574 1174 1609 ld
1192 1588 1301 1610 omne
1324 1586 1442 1611 narrat
1462 1576 1570 1623 Spar-

206 1621 330 1671 tianus
354 1624 386 1656 in
416 1623 491 1656 eins
514 1620 600 1658 vita.
629 1625 674 1657 At
701 1623 850 1671 quinam
879 1634 922 1658 eo
949 1631 1070 1672 tempo
1084 1636 1109 1659 e
1136 1624 1259 1660 ltaliae
1273 1626 1358 1661 fines
1378 1653 1386 1670 ,
1410 1640 1471 1674 per
1502 1640 1567 1661 au-

205 1681 316 1706 ctores
345 1673 521 1708 incestu-n
547 1672 695 1720 quidem
722 1679 785 1707 est.
814 1673 871 1708 Ex
898 1672 1062 1722 pluribus
1088 1687 1182 1723 quae
1200 1681 1330 1710 restant
1353 1689 1569 1712 monumen-

208 1722 275 1763 tis,
303 1723 431 1757 scimus
458 1722 689 1769 Campaniam
719 1735 801 1758 snos
822 1724 986 1761 habuisse
1001 1724 1228 1761 Consulares.
1251 1726 1391 1762 Mutata
1414 1740 1477 1775 per
1493 1738 1570 1761 eam

208 1775 455 1816 tempestatem
483 1771 582 1803 Italia
609 1799 618 1814 ,
646 1772 839 1818 Campania
871 1784 989 1809 nostra
1016 1787 1106 1822 quos
1153 1774 1291 1809 haberit
1325 1777 1437 1817 fines,
1469 1775 1569 1811 haud

208 1825 260 1852 est
288 1827 523 1866 compertum.
550 1819 791 1867 Pellegrinius
817 1822 913 1858 Disc.
939 1824 969 1856 1.
999 1831 1085 1870 part.
1117 1822 1199 1857 VII.
1229 1830 1263 1857 et
1310 1825 1496 1860 Pratillius
1522 1825 1570 1859 de

211 1868 467 1903 consularibus
495 1869 584 1903 hanc
611 1870 794 1917 regionem
823 1883 905 1906 cum
933 1872 1075 1920 Irpinis,
1096 1881 1130 1908 et
1143 1872 1280 1908 Samnii
1297 1882 1401 1922 parte
1415 1875 1572 1924 adApu-

209 1917 288 1950 liam
318 1932 431 1966 usque
459 1926 635 1953 extensam
663 1927 876 1964 autumant,
905 1923 1071 1970 quamvis
1111 1922 1172 1958 alii
1222 1922 1310 1959 hanc
1349 1938 1479 1961 novam
1526 1926 1571 1961 ab

209 1966 390 2003 Hadriano
420 1968 546 2003 factam
574 1968 786 2003 divisionem
813 1970 966 2007 credunt
993 1971 1038 2007 de
1065 1973 1259 2022 provinciis
1299 1974 1421 2010 Italiae
1464 1976 1572 2010 ineri-

208 2019 412 2054 dionalibus
450 2026 600 2053 tantum.
644 2018 752 2053 Hand
793 2028 911 2056 nostra
953 2022 1102 2059 interest
1129 2023 1243 2067 scire,
1288 2034 1414 2061 utrum
1443 2025 1570 2062 divisio

208 2068 337 2105 istlnec
365 2068 410 2103 ad
438 2075 545 2103 totam
565 2069 778 2118 pertinuerit
797 2071 960 2115 Italiam,
992 2084 1030 2107 ac
1050 2086 1093 2108 an
1113 2073 1274 2122 regiones
1309 2075 1570 2112 meridionales.

306 2119 387 2161 Qua
416 2131 497 2153 vero
531 2119 744 2167 Campaniae
774 2121 860 2155 urbe
887 2121 1094 2159 Consularis
1113 2135 1215 2160 suam
1243 2124 1406 2161 habuerit
1432 2126 1570 2170 sedem,

208 2171 408 2203 incertum:
440 2169 621 2216 probabile
647 2179 722 2214 est,
750 2169 914 2219 Capuam
943 2173 1189 2221 magistratum
1237 2176 1331 2212 hunc
1374 2177 1570 2226 excepisse.

205 2222 310 2262 Quae
338 2230 420 2255 vero
448 2219 571 2256 iisdem
598 2222 733 2259 fuerint
760 2225 905 2270 munia,
933 2223 1034 2260 haud
1055 2232 1218 2261 constat:
1246 2233 1381 2263 mutata
1411 2226 1570 2275 republi-

209 2283 272 2314 ca,
301 2279 334 2304 et
361 2271 521 2306 morib-ix
542 2301 550 2311 ,
583 2273 665 2308 tales
694 2275 921 2322 magistratus
949 2287 1014 2322 pei·
1040 2274 1080 2311 id
1107 2277 1275 2325 temporis
1300 2277 1430 2315 alteros
1462 2277 1572 2315 fuisse

208 2319 325 2369 Reges
353 2320 528 2364 creditur,
557 2323 689 2370 quibus
719 2324 894 2361 illifflllssta
923 2333 1014 2362 esset
1039 2334 1205 2376 potestas.
