1920 2579
307 137 389 181 268

306 197 367 237 iit.
400 196 595 239 Nationes
626 192 770 239 omnes
801 210 905 252 quae
937 206 1026 238 tum
1059 210 1187 253 usque
1217 195 1409 239 Romanis
1442 208 1672 255 paruerant,

303 254 413 295 haud
453 254 624 310 amplius
656 255 762 311 ipsos
793 254 916 297 duces
946 255 1187 296 timuerunt.
1238 256 1546 298 Antoninorum
1595 273 1678 299 sae·

304 312 472 365 culum,
503 321 625 368 atque
658 311 847 354 nonnulli
878 313 1076 368 sapientes
1112 328 1157 353 ac
1189 312 1313 354 fortes
1344 314 1467 356 simul
1499 315 1684 382 Impera·

303 381 409 412 tores
441 371 662 424 Imperium
682 402 697 422 ,
730 381 851 427 atque
883 370 1139 428 splendorem
1189 370 1429 427 aliquandiu
1475 373 1680 415 sustinue-

302 439 436 478 runt,
468 427 594 468 donec
624 428 790 470 Barbari
821 428 992 495 Imperii
1019 429 1142 483 ipsius
1177 430 1258 471 vim
1286 428 1494 486 fregerunt
1514 462 1525 483 ‚
1557 441 1680 488 atque

308 486 348 526 iu
381 486 581 528 Romanas
612 485 849 544 irruperunt
880 488 1118 543 provincias.

423 543 534 587 Talis
566 555 650 586 erat
683 561 819 587 rerum
850 556 975 587 status
1009 561 1136 602 usque
1165 544 1218 586 ad
1243 544 1558 588 Constantinum
1592 547 1682 589 Ma-

305 617 429 656 gnum
456 633 466 654 ‚
498 617 593 644 cum
624 602 708 659 ipse
729 604 781 645 ad
813 605 961 645 solium
994 614 1153 645 evectus
1187 603 1311 645 totius
1354 604 1521 657 Imperii
1568 606 1678 661 prin-

307 675 398 716 ceps
433 660 523 703 fuit.
553 662 767 716 Temporis
801 676 1010 717 progressu
1061 662 1144 717 ipse
1194 661 1371 704 moriens
1420 661 1512 703 filiis
1545 663 1679 729 Impe-

306 718 412 760 rium
457 718 619 760 divisit:
653 719 747 760 hinc
780 731 916 777 postea
953 718 1202 761 effoeminati
1240 730 1277 761 et
1308 719 1525 761 imbecilles
1568 723 1680 787 prin—

307 791 421 832 cepes
456 793 575 819 causa
606 778 767 819 maioris
801 779 967 819 fuerunt
1010 777 1176 834 ruinae,
1216 789 1259 819 ut
1289 778 1453 820 Barbari
1486 780 1609 835 magis
1640 779 1682 820 in

307 834 515 877 Romanas
549 836 786 891 irrupissent
820 835 1057 892 provincias.
1088 837 1227 891 Quadi
1261 838 1474 892 primum,
1526 838 1686 880 Marco-

306 894 476 947 manni,
510 894 714 946 Vandali,
762 897 942 951 aliaeque
992 894 1291 938 efferatissimae
1341 905 1475 950 gentes
1517 896 1680 953 provin-

304 950 383 992 cias
447 955 549 995 ultra
580 952 819 995 Danubium
853 963 1135 1009 occuparunt,
1209 967 1314 1012 quae
1346 954 1533 1009 primum
1580 954 1681 996 Ger-

302 1011 515 1063 maniam,
570 1011 775 1064 Gallium,
829 1023 949 1069 atque
989 1011 1229 1068 Hispaniam
1284 1011 1542 1066 subegerunt.
1574 1013 1682 1054 Hinc

306 1066 436 1110 Gothi
483 1080 611 1112 totam
661 1071 815 1111 Italiam
849 1079 1093 1119 vastantur,
1148 1083 1270 1128 atque
1303 1070 1570 1127 populantur.
1601 1071 1680 1113 lm-

304 1127 463 1180 perium
499 1129 677 1184 primum
709 1127 971 1168 occidentale
1003 1127 1081 1167 fuit
1112 1130 1271 1183 penitus
1303 1143 1503 1170 eversum
1553 1131 1685 1184 Quae

304 1198 400 1225 nam
435 1196 532 1226 tunc
572 1186 708 1226 Italiae
742 1184 977 1242 praesertim
1009 1184 1127 1226 facies
1166 1191 1288 1228 erat?
1333 1197 1485 1227 norunt
1532 1200 1679 1228 omnes

306 1242 376 1297 qui
408 1243 513 1284 illius
544 1244 630 1284 aevi
663 1244 921 1285 historiarum
953 1241 1118 1284 annales
1148 1259 1244 1299 prae
1295 1243 1484 1285 manibus
1531 1243 1682 1299 iugiter

304 1299 470 1342 habent.
506 1302 619 1343 Italia
651 1302 761 1342 hunc
794 1301 987 1352 miserum
1026 1300 1068 1340 in
1101 1311 1253 1343 statum
1284 1302 1365 1342 l'uit
1396 1316 1600 1344 conversa.
1621 1302 1681 1343 Ea

308 1360 415 1400 enim
450 1375 553 1417 quae
584 1375 653 1417 per
686 1370 746 1401 tot
778 1359 936 1401 saecula
970 1357 1141 1400 infinitis
1173 1370 1366 1410 naturae,
1399 1370 1438 1401 et
1467 1361 1562 1401 artis
1596 1375 1683 1402 mo·

311 1418 518 1461 numentis
549 1417 774 1470 floruerat,
805 1428 1005 1475 quantum
1049 1428 1204 1459 mutata
1236 1418 1287 1458 ab
1319 1419 1489 1475 antiquo
1511 1417 1588 1459 suit
1606 1429 1685 1459 sta—

311 1478 383 1516 tu!
419 1478 685 1518 Monumenta
720 1477 871 1543 ubique
908 1486 1025 1524 usta,
1060 1487 1183 1533 atque
1231 1488 1408 1517 cremata
1449 1477 1571 1518 fuere.
1604 1479 1685 1519 Tot

311 1546 447 1589 gentes
480 1538 658 1592 ciptivae
692 1537 790 1578 aliae
830 1535 869 1576 in
902 1535 1063 1575 exilium
1084 1566 1096 1584 ,
1133 1536 1230 1576 aliae
1267 1535 1370 1577 inter
1403 1536 1580 1577 ferarum
1623 1537 1683 1576 lu-

310 1604 388 1634 stra
420 1604 642 1645 errarunt,
676 1610 725 1636 ne
759 1596 799 1636 in
832 1595 1034 1635 victorum
1068 1593 1294 1636 inciderent
1310 1609 1464 1635 manus.
1488 1595 1568 1635 Tot
1584 1593 1682 1636 aliae

307 1652 464 1708 praeliis
513 1652 707 1706 assiduis,
759 1664 798 1695 et
844 1650 1089 1710 quotidianis
1138 1668 1233 1693 cum
1288 1652 1458 1693 urbibus
1505 1650 1683 1709 vicisque
1732 1701 1734 1703 Ι

305 1722 582 1753 concrematae
618 1711 796 1754 fuerunt.
830 1715 968 1754 Mores
985 1711 1141 1768 antiqui
1177 1713 1335 1752 mutati:
1365 1710 1573 1753 literarum
1595 1722 1680 1751 stu-

305 1769 368 1810 dia
418 1771 593 1811 -omniuo
641 1771 891 1823 obliterata,
935 1781 974 1811 et
1026 1770 1302 1812 Barbarorum
1355 1785 1487 1812 mores
1535 1769 1683 1825 ubique

291 1829 484 1882 *gentium
517 1829 740 1871 introducti
779 1830 956 1870 suerunt.
991 1829 1074 1882 Qui
1109 1839 1205 1875 tunc
1237 1828 1408 1870 aliarum
1446 1842 1581 1869 rerum
1600 1837 1682 1868 erat

306 1889 471 1928 status?
494 1889 568 1928 Per
600 1900 781 1931 auctores
813 1897 966 1929 constat
999 1886 1101 1929 adeo
1135 1889 1285 1942 priscos
1319 1902 1450 1928 mores
1471 1887 1680 1928 fuisseim-

307 1956 518 1996 mutatos,
556 1956 598 1987 ut
635 1948 733 1989 nihil
765 1947 876 1987 aliud
916 1945 987 1987 nisi
1044 1946 1193 2002 ubique
1242 1945 1442 1987 barbaries
1490 1953 1684 2000 regnaret.

312 2005 401 2045 Hoc
435 2019 557 2046 omne
590 2005 778 2047 facillime
811 2005 935 2046 videri
970 2015 1100 2060 potest
1134 2019 1201 2060 per
1240 2006 1345 2061 ipsos
1380 2003 1561 2046 eiusdem
1600 2002 1685 2043 aeni

314 2063 524 2115 homines,
557 2079 739 2120 quorum
773 2064 873 2104 facta
910 2063 961 2104 ad
995 2078 1064 2104 nos
1104 2078 1230 2118 usque
1263 2059 1408 2104 tradita
1442 2063 1562 2103 fuere
1592 2064 1682 2102 Post

312 2121 502 2175 quintum
537 2133 574 2163 et
609 2134 766 2167 sextum
803 2122 1056 2164 Christianae
1088 2121 1287 2162 Ecclesiae
1305 2120 1506 2162 saeculum
1545 2121 1642 2160 Ron.
1651 2134 1689 2157 a·

312 2179 353 2219 ni
385 2179 546 2236 Imperii
595 2193 721 2223 status
779 2179 876 2221 nihil
924 2181 1034 2222 aliud
1068 2191 1301 2234 supererat,
1353 2186 1476 2236 quam
1525 2187 1683 2218 tanturn

315 2249 489 2279 nomen:
525 2239 787 2282 Occidentale
828 2240 1064 2294 praesertim
1114 2240 1335 2292 Imperium
1400 2253 1421 2278 a
1454 2236 1690 2292 septentrio-

320 2296 476 2338 nalibus
508 2298 723 2353 gentibus,
757 2309 797 2341 et
827 2296 1002 2339 efferatis
1036 2298 1220 2340 Barbaris
1255 2299 1334 2338 iam
1369 2311 1494 2353 prope
1528 2305 1689 2336 erate&-
