1920 2579
324 105 407 134 220

330 149 498 190 busdam
549 149 749 192 columnis
778 165 887 192 nunc
923 151 964 191 in
1000 152 1133 193 fronte
1173 165 1297 193 novae
1349 152 1456 210 aedis
1494 152 1533 194 S·
1569 156 1684 200 Pauli

320 208 458 251 videre
503 220 587 250 est:
643 209 683 249 in
720 211 863 249 vetusti
911 210 1049 266 templi
1104 211 1237 251 fronte
1267 213 1381 267 plura
1436 223 1550 252 erant
1586 214 1682 256 deo-

327 281 422 307 rum
459 270 672 308 simulacra
724 282 844 323 opere
891 270 1157 324 anaglyptico.
1212 273 1320 311 lnter
1368 270 1441 311 alia
1482 272 1683 325 Apollinis

326 324 491 380 imago·;
513 328 649 367 Tellus
683 325 734 366 ad
774 326 981 368 dexteram
1012 343 1140 369 cornu
1180 328 1317 382 copiae
1355 339 1507 381 tenens,
1528 330 1684 387 aliaque

326 382 365 422 id
402 399 526 437 genus
569 384 935 439 conspiciebantur.
956 386 1145 426 Iacentin
1179 385 1263 427 solo
1301 386 1505 437 Castoris,
1536 398 1574 427 et
1593 389 1683 429 Pol·

324 440 423 495 lucis
479 442 557 498 (uti
597 443 775 482 creditur
799 442 879 497 >ex
912 459 1113 486 marmore
1152 446 1283 495 trunci
1301 445 1350 486 ab
1369 445 1549 486 eiusdem
1583 456 1684 487 tein-

327 497 383 554 pli
422 503 564 542 veteris
594 501 886 556 aggestionibus
920 505 1020 543 eruti
1057 518 1162 542 anno
1195 504 1381 544 MDXCI
1419 503 1517 543 nudi
1543 503 1693 560 clamy-

333 559 510 614 datique.
551 560 596 600 In
646 561 784 615 templi
821 561 1068 602 trabeatione
1115 560 1274 603 Graeca
1322 562 1554 617 epigraphes
1592 564 1692 605 olim

329 616 563 672 legebatur,
598 632 719 675 quain
754 628 847 658 ante
883 618 1106 659 retulimus.

447 678 550 717 Sunt
587 677 656 731 qui
699 676 915 725 scribunt,
966 677 1061 717 haec
1104 677 1187 718 duo
1237 678 1533 723 Dioscurorum
1577 680 1688 735 signa

327 735 526 782 corruisse
561 748 607 773 eo
650 734 734 787 ipso
780 744 993 787 tempore,
1042 749 1123 790 quo
1163 736 1455 788 Apostolorum
1498 737 1690 794 Princeps

325 791 377 832 D.
412 792 553 832 Petrus
581 790 795 846 Neapolim
839 790 1020 844 advenit,
1057 803 1179 848 atque
1211 793 1284 834 hac
1306 795 1551 849 pertransiit:
1574 808 1686 837 muta

325 860 424 890 tunc
459 864 502 891 ea
536 851 701 891 numina
720 849 771 889 ad
808 850 994 905 Apostoli
1027 852 1293 905 praesentiam
1315 852 1448 892 statim
1471 852 1521 893 ad
1558 855 1692 896 solum

324 907 437 949 fuere
472 919 681 964 prostrata.
707 908 883 949 Vbinam
917 923 983 948 eae
1003 919 1155 949 statuae
1172 908 1387 951 collocatae
1403 911 1553 952 fuerint
1570 914 1687 965 olim,

325 976 467 1007 utrum
498 967 548 1007 ad
582 965 721 1022 templi
755 966 934 1006 frontem
955 996 967 1014 ,
990 981 1048 1004 van
1082 968 1121 1005 in
1168 967 1258 1022 ipso
1307 970 1490 1022 templo,
1533 971 1685 1012 incerta

325 1024 492 1079 quidem
527 1041 587 1065 res
621 1035 689 1065 est.
724 1025 816 1065 Hoc
849 1023 1048 1075 ternplum
1081 1023 1343 1077 magnificum
1376 1024 1456 1065 fuit
1479 1056 1491 1078 ‚
1531 1038 1571 1068 et
1604 1028 1687 1070 for—

324 1091 425 1122 tasse
457 1082 567 1123 urbis
599 1083 787 1138 antiquae
819 1081 1115 1122 nobilissimum
1147 1081 1410 1124 aedificium:
1443 1099 1540 1124 nam
1579 1100 1687 1127 anno

324 1139 400 1181 IV.
433 1151 472 1180 et
503 1141 593 1182 XL.
627 1156 744 1196 supra
775 1139 1168 1196 sesquimillesimum
1189 1172 1204 1191 ,
1256 1156 1342 1196 qno,
1387 1150 1569 1198 tempore
1621 1146 1685 1186 vix

323 1198 501 1253 ingentia
531 1199 664 1240 adhuc
697 1198 837 1254 templi
869 1208 1106 1253 supererant
1139 1198 1299 1248 rudera,
1327 1198 1589 1243 Tunetanum
1608 1203 1687 1244 Re-

322 1272 412 1311 gem
429 1257 669 1298 Muleassem
679 1257 897 1312 Neapolim
910 1255 1203 1305 advenientem,
1217 1266 1255 1296 et
1265 1256 1455 1299 Genuam
1472 1269 1684 1315 transgres.

321 1316 582 1371 surum‚quo
614 1315 807 1356 auxilium
842 1330 863 1355 a
897 1314 1046 1355 Carolo
1079 1314 1132 1356 V.
1166 1315 1414 1369 Imperatore
1428 1327 1571 1358 contra
1608 1320 1690 1360 Ha·

323 1373 537 1414 riadenum
570 1373 853 1417 AEnobarbum
887 1375 1156 1429 impetraret,
1189 1373 1322 1414 statim
1355 1389 1402 1414 ac
1419 1375 1618 1432 templum
1636 1379 1688 1420 ad

323 1431 401 1471 hoc
435 1434 645 1485 pervenit,
680 1433 867 1488 reliquias
901 1433 1080 1485 ingentes
1111 1433 1456 1489 contemplantem
1481 1465 1491 1484 ‚
1524 1445 1690 1490 stupore

324 1499 362 1529 et
394 1490 661 1531 admiratione
693 1502 931 1547 correptum
963 1490 1084 1530 fuisse
1106 1522 1119 1540 ,
1168 1501 1205 1530 et
1251 1491 1448 1549 lacrymas
1499 1492 1691 1536 effudisse

325 1559 460 1587 narrat
495 1549 688 1604 Iosephus
721 1549 824 1591 Silos
859 1564 945 1606 pag.
982 1563 1060 1588 202
1098 1549 1253 1591 Histor.
1286 1548 1477 1592 Clericor.
1498 1552 1684 1605 Regular.

324 1605 419 1646 edit.
454 1607 607 1646 Romae
646 1609 766 1648 1650.

441 1666 583 1704 Grates
616 1663 811 1705 debemus
844 1664 939 1704 Rev.
972 1666 1076 1704 Patri
1109 1665 1274 1705 Valerio
1308 1668 1496 1719 Pagano,
1545 1669 1613 1723 qui
1647 1670 1688 1710 in

324 1721 428 1762 Hist.
464 1721 549 1761 MS.
585 1723 649 1762 cui
683 1722 823 1763 titulus
849 1753 860 1771 ,
896 1722 1107 1762 Relazione
1142 1723 1177 1763 d’
1196 1723 1327 1763 alcuni
1358 1724 1449 1764 fatti
1482 1724 1582 1765 della
1617 1727 1689 1768 Re-

324 1780 469 1832 ligione
501 1780 696 1832 Teatina,
731 1780 844 1835 plura
879 1791 1014 1820 narrat
1048 1780 1097 1820 de
1131 1781 1208 1821 hoc
1242 1781 1396 1836 templo
1417 1813 1430 1832 ,
1468 1782 1599 1839 deque
1631 1801 1692 1826 re-

322 1836 486 1892 liquiis,
523 1853 626 1892 quae
659 1838 845 1878 extabant
876 1839 1011 1878 adbuc
1042 1854 1116 1880 suo
1153 1850 1344 1893 tempore.
1382 1840 1426 1881 In
1460 1856 1529 1882 sua
1579 1845 1688 1883 enim

324 1895 487 1936 historia
522 1896 608 1938 MS.
646 1899 664 1951 (
696 1911 820 1953 quam
855 1898 991 1953 paucis
1027 1896 1175 1938 abhinc
1209 1898 1324 1938 annis
1356 1913 1452 1953 prae
1501 1901 1689 1942 manibus

322 1953 445 1994 habui
480 1957 500 2010 >
534 1955 627 1996 novi
661 1956 798 2010 templi
819 1956 867 1996 D.
902 1955 1027 1997 Paulo
1060 1956 1182 1996 dicati
1214 1955 1532 1997 aedificationem
1567 1973 1689 2015 supra

323 2011 611 2054 Dioscoridum
646 2015 779 2054 ruinas
815 2028 1032 2065 enarrans,
1067 2024 1214 2055 cuncta
1247 2029 1350 2069 quae
1381 2030 1457 2056 suo
1487 2015 1606 2058 etiam
1624 2031 1688 2057 ae-

330 2082 382 2109 vo
416 2071 650 2122 restabant,
682 2071 878 2112 describit.
912 2072 1130 2112 Vetustum
1164 2071 1362 2126 templum
1378 2083 1461 2112 erat
1485 2072 1554 2113 ubi
1581 2089 1689 2114 nuno

331 2143 517 2186 praesens
548 2140 606 2169 est
637 2130 950 2181 coemeterium,
973 2139 1010 2169 et
1043 2129 1112 2170 ubi
1146 2128 1278 2169 adhuc
1293 2129 1473 2184 ingentes
1503 2130 1690 2173 visuntur

325 2187 523 2232 ruderum
556 2189 693 2230 ruinae
725 2203 846 2245 opere
874 2188 1059 2246 lateritio.
1083 2189 1129 2230 In
1150 2188 1246 2232 novi
1267 2187 1406 2244 templi
1427 2187 1563 2231 fronte
1586 2189 1690 2232 duae
