1920 2579
384 106 465 145 216

387 162 602 218 Appiam,
636 156 915 206 Flaminiam,
966 165 1005 197 et
1051 156 1306 213 Campanam
1358 157 1517 213 ipsam,
1569 157 1619 199 de
1666 174 1747 215 qua

389 221 477 262 heic
507 231 674 266 sermo,
710 215 832 255 fuisse
868 216 967 256 olim
1016 215 1166 257 horum
1207 214 1516 270 sepulchrorum
1566 216 1746 273 plenam.

389 280 569 322 Huiusce
601 276 656 315 rei
687 283 748 314 tot
778 272 914 313 adhuc
946 283 1212 315 monumenta
1230 273 1462 329 praesertim
1486 289 1607 330 supra
1628 277 1751 317 Cam..

390 350 539 394 punam
571 332 746 374 extantia
775 330 899 372 fidem
931 341 1140 373 testantur.
1174 335 1291 374 Duae
1324 331 1444 373 urbes
1490 331 1644 374 nobiles
1674 333 1755 377 Ca·

393 409 498 453 pua,
531 402 571 434 et
602 389 760 432 Puteoli
791 390 895 430 hanc
926 390 1028 432 adeo
1058 390 1359 445 locupletarunt
1390 390 1497 432 viam
1522 422 1535 441 ‚
1567 402 1612 432 ut
1643 393 1759 448 plura

392 455 513 495 etiam
561 450 716 503 integra
764 447 1069 492 advenientium
1111 448 1380 490 admiratione
1411 450 1585 490 extantia
1618 450 1659 490 in
1709 466 1757 493 eo

392 507 630 568 praesertim
661 507 752 548 loco
772 537 784 559 ‚
817 508 886 562 qui
919 508 1069 549 dicitur
1103 507 1142 548 S.
1180 507 1341 557 Vitas,
1377 508 1448 561 qui
1480 506 1592 548 locus
1624 523 1646 548 a
1667 511 1758 559 „Pu-

395 569 516 612 teolis
551 565 623 608 tria
657 566 813 607 circiter
845 565 965 606 distat
997 565 1196 607 milliaria.
1250 565 1308 605 Ea
1359 565 1572 621 sepulchra
1619 566 1758 608 hodie}

397 628 500 670 dum
530 625 581 666 ab
611 623 752 665 incolis
785 624 1062 665 Columbaria
1092 623 1298 664 dicuntur.
1329 622 1439 663 Inter
1468 623 1542 664 alia
1574 624 1659 666 duo
1678 624 1761 682 pri-

399 701 516 728 mum
557 693 760 739 occupant
789 682 958 734 locum,
990 692 1095 738 quae
1125 680 1412 723 describuntur
1440 696 1462 721 a
1495 683 1539 722 P.
1572 683 1697 725 Paulo
1717 683 1758 724 in

398 740 681 798 Descriptione
713 739 869 782 Puteol.
905 750 943 781 et
975 755 995 780 a
1029 739 1091 780 Cl.
1124 739 1305 790 Ancora,
1337 737 1477 780 Guida
1510 739 1552 780 di
1583 741 1760 787 Pozzuo⁴s

398 804 426 847 li
459 817 493 843 c.
524 805 564 842 3.
598 802 762 841 Horum
795 813 924 839 unum
956 797 1062 839 duos
1093 796 1413 848 habetordines',
1444 799 1560 840 cuius
1594 799 1760 841 interior

399 875 492 918 pars
523 858 626 900 adeo
659 867 765 899 recte
795 868 1017 908 servatur,
1070 866 1117 897 ut
1165 854 1300 896 adhuc
1350 857 1466 911 plura
1512 857 1764 916 anaglyptica

401 917 604 976 supersint
635 930 769 971 opera.
802 916 969 955 Restant
1000 929 1166 971 quoque
1197 913 1319 954 loculi
1351 914 1400 954 ad
1433 914 1529 956 ollas
1575 917 1766 958 cinerari-

402 992 444 1018 as
475 974 738 1031 excipiendas.
773 973 999 1015 Identidem
1019 973 1301 1028 inscriptiones
1322 974 1557 1014 eruderatae
1576 974 1760 1025 fuerunt,

402 1034 638 1093 praesertim
670 1031 779 1088 apud
824 1045 946 1087 pagos
995 1031 1244 1080 Maranum,
1295 1038 1333 1071 et
1376 1031 1618 1084 Quartum,
1669 1047 1770 1089 quas

403 1094 544 1135 recitat
572 1090 635 1132 Cl.
668 1089 914 1131 lastinianus
933 1124 947 1143 ,
982 1089 1142 1131 Dizion.
1173 1088 1236 1128 del
1272 1088 1408 1143 Regno
1431 1121 1442 1142 ‚
1473 1092 1585 1131 artic.
1622 1096 1769 1132 Mara-

400 1167 487 1204 no,
524 1166 548 1190 e
583 1149 762 1205 Quarto.
796 1148 844 1187 In
875 1148 967 1187 loco
1000 1161 1129 1198 vero,
1162 1163 1288 1202 quern
1319 1149 1476 1188 accolae
1508 1148 1697 1190 dictitant
1738 1166 1767 1191 a

406 1209 637 1264 Campana
667 1207 709 1247 in
740 1204 872 1247 hortis
906 1206 982 1246 PP.
1016 1205 1382 1246 chartusianorum
1428 1207 1527 1246 olim
1562 1206 1771 1263 inscriptio

404 1267 484 1309 fuit
513 1276 686 1320 reperta,
703 1279 827 1322 quam
844 1261 963 1304 affert
979 1261 1232 1304 Antoninius
1250 1263 1402 1304 Lucan.
1423 1264 1573 1306 Illustr.
1593 1276 1696 1319 part.
1715 1265 1766 1307 II.

408 1326 504 1368 disc.
536 1323 612 1366 XI.
644 1322 743 1373 Non
773 1321 906 1363 solum
936 1326 1033 1364 v'ero
1064 1321 1126 1363 via
1159 1320 1309 1361 isthaec
1331 1351 1344 1371 ,
1376 1320 1445 1360 sed
1492 1321 1625 1376 plures
1675 1324 1773 1365 aliae

415 1383 536 1425 etiam
587 1380 851 1438 sepulchretis
898 1377 1196 1436 abundabant:
1245 1387 1305 1418 tot
1336 1389 1468 1419 vetera
1508 1393 1775 1431 monumenta

413 1441 545 1483 adhuc
578 1437 826 1481 extantiaid
847 1441 1058 1478 testantur.
1106 1437 1182 1477 Via
1231 1435 1408 1488 Salaria,
1441 1436 1643 1484 Flaminia
1663 1471 1679 1491 ,
1732 1451 1774 1481 et

411 1501 555 1545 Latina
583 1496 807 1554 sepulchris
836 1496 986 1552 passim
1032 1494 1344 1536 exornabantur.
1375 1494 1422 1536 In
1470 1496 1614 1552 Appia.
1653 1499 1775 1541 etiam

412 1560 627 1600 innumera
659 1554 929 1598 occurrebant
961 1554 1189 1610 sepulchra,
1221 1553 1271 1594 de
1292 1554 1440 1609 quibus
1463 1552 1689 1596 Pratillium
1723 1559 1779 1597 vi-

413 1617 547 1668 desis,
579 1616 651 1671 qui
681 1616 723 1656 in
754 1623 842 1655 toto
875 1627 999 1669 opere
1030 1620 1090 1651 tot
1111 1612 1315 1652 eiusmodi
1347 1612 1465 1652 affert
1498 1624 1775 1658 monumenta.

414 1676 462 1721 In
494 1675 568 1715 hac
599 1674 680 1730 ipsa
713 1673 776 1712 via
810 1671 902 1713 Viri
936 1669 1143 1711 clarissimi
1189 1671 1423 1725 praesertim
1472 1670 1777 1728 sepeliebantur.

413 1732 628 1775 Cornelius
659 1731 799 1786 Nepos
829 1728 1308 1786 PomponiumAtticum
1343 1730 1398 1768 V.
1432 1728 1482 1768 ab
1516 1723 1614 1771 urbe
1648 1729 1778 1787 lapide
1828 1751 1831 1755 ¹

415 1792 526 1835 iuxta
556 1790 662 1848 viam
694 1788 872 1845 Appiam
902 1788 944 1829 iu
994 1797 1262 1828 monumento
1297 1784 1440 1847 (tl-Q
1475 1787 1634 1830 Caecilii
1656 1799 1782 1830 avun-

418 1851 499 1892 culi
531 1849 594 1895 sui
625 1849 748 1895 fuisse
779 1845 985 1904 sepultum
1016 1856 1153 1892 narrat
1185 1844 1228 1886 in
1260 1845 1344 1887 eius
1383 1847 1473 1887 Vita
1520 1861 1559 1886 c.
1611 1859 1688 1888 22.
1734 1848 1780 1889 In

519 2088 576 2138 (1)
603 2085 702 2132 Quid
729 2086 796 2122 sibi
823 2085 912 2123 velit
939 2092 1206 2121 monumentum
1231 2078 1247 2132 ‚¹
1268 2086 1422 2135 explicat
1449 2084 1561 2120 Varro
1589 2069 1661 2121 lili.¹
1682 2083 1728 2126 V.
1745 2084 1789 2121 de

421 2138 468 2174 L.
495 2138 539 2177 L,
562 2152 594 2174 c.
623 2138 658 2173 6.
685 2135 735 2172 sic
755 2136 940 2191 scribens:
971 2137 1209 2171 monumenta
1236 2149 1279 2173 eo
1307 2138 1410 2190 quod
1433 2133 1709 2184 praetereuntes
1721 2135 1788 2170 ad-

425 2195 612 2224 monerent
636 2215 645 2231 ‚
673 2199 711 2221 se
724 2186 846 2236 juisse
864 2212 876 2228 .,
904 2194 939 2222 et
965 2186 1045 2222 illos
1071 2199 1146 2222 esse
1172 2188 1353 2223 mortales.
1383 2188 1431 2222 Et
1476 2185 1515 2220 S.
1555 2182 1714 2233 Isidorus
1741 2185 1791 2220 sic

426 2240 536 2274 etiam
564 2237 695 2287 prodit.
725 2237 787 2272 lib.
812 2235 920 2273 XIV.
949 2250 982 2274 c.
1010 2236 1059 2275 ΙΙ.
1087 2237 1148 2274 Eo
1189 2237 1291 2289 quod
1337 2243 1492 2273 mentem
1530 2231 1703 2274 moneant
1743 2234 1794 2273 acl

424 2286 589 2339 defimcti
614 2289 840 2326 memoriam.
