<?xml version="1.0" encoding="UTF-8"?>
<!DOCTYPE html PUBLIC "-//W3C//DTD XHTML 1.0 Transitional//EN"
    "http://www.w3.org/TR/xhtml1/DTD/xhtml1-transitional.dtd">
<html xmlns="http://www.w3.org/1999/xhtml" xml:lang="en" lang="en">
 <head>
  <title>
</title>
<meta http-equiv="Content-Type" content="text/html;charset=utf-8" />
  <meta name='ocr-system' content='tesseract 3.04.00' />
  <meta name='ocr-capabilities' content='ocr_page ocr_carea ocr_par ocr_line ocrx_word'/>
</head>
<body>
  <div class='ocr_page' id='page_1' title='image "./universiaecampan01laur/universiaecampan01laur_0525.png"; bbox 0 0 1920 2579; ppageno 0'>
   <div class='ocr_carea' id='block_1_1' title="bbox 126 153 1557 2358">
    <p class='ocr_par' dir='ltr' id='par_1_1' title="bbox 161 153 1543 833">
     <span class='ocr_line' id='line_1_1' title="bbox 1455 153 1538 195; baseline 0.036 -3"><span class='ocrx_word' id='word_1_1' title='bbox 1455 153 1538 195; x_wconf 76' lang='lat'>223</span> 
     </span>
     <span class='ocr_line' id='line_1_2' title="bbox 164 206 1538 266; baseline -0.001 -12"><span class='ocrx_word' id='word_1_2' title='bbox 164 226 213 254; x_wconf 80' lang='lat' dir='ltr'>co</span> <span class='ocrx_word' id='word_1_3' title='bbox 246 208 470 252; x_wconf 81' lang='lat' dir='ltr'>identidem</span> <span class='ocrx_word' id='word_1_4' title='bbox 503 208 617 266; x_wconf 82' lang='lat' dir='ltr'>plura</span> <span class='ocrx_word' id='word_1_5' title='bbox 651 219 807 253; x_wconf 87' lang='lat' dir='ltr'>vetusta</span> <span class='ocrx_word' id='word_1_6' title='bbox 840 220 1104 251; x_wconf 84' lang='lat' dir='ltr'>monumenta</span> <span class='ocrx_word' id='word_1_7' title='bbox 1150 206 1360 251; x_wconf 82' lang='lat' dir='ltr'>erud-erata</span> <span class='ocrx_word' id='word_1_8' title='bbox 1394 209 1538 260; x_wconf 84' lang='lat' dir='ltr'>suere,</span> 
     </span>
     <span class='ocr_line' id='line_1_3' title="bbox 165 266 1543 325; baseline 0 -15"><span class='ocrx_word' id='word_1_9' title='bbox 165 271 379 325; x_wconf 80' lang='lat' dir='ltr'>praecipue</span> <span class='ocrx_word' id='word_1_10' title='bbox 408 267 717 323; x_wconf 86' lang='lat' dir='ltr'>magnificorum</span> <span class='ocrx_word' id='word_1_11' title='bbox 748 266 1025 309; x_wconf 84' lang='lat' dir='ltr'>aedificiorum</span> <span class='ocrx_word' id='word_1_12' title='bbox 1059 268 1198 310; x_wconf 83' lang='lat' dir='ltr'>ruinae</span> <span class='ocrx_word' id='word_1_13' title='bbox 1222 299 1234 317; x_wconf 88' lang='lat'><strong>,</strong></span> <span class='ocrx_word' id='word_1_14' title='bbox 1289 281 1391 323; x_wconf 90' lang='lat' dir='ltr'>quae</span> <span class='ocrx_word' id='word_1_15' title='bbox 1443 268 1543 310; x_wconf 85' lang='lat' dir='ltr'>olim</span> 
     </span>
     <span class='ocr_line' id='line_1_4' title="bbox 166 325 1533 378; baseline -0.001 -9"><span class='ocrx_word' id='word_1_16' title='bbox 166 327 337 369; x_wconf 82' lang='lat' dir='ltr'>Romani</span> <span class='ocrx_word' id='word_1_17' title='bbox 372 327 637 368; x_wconf 81' lang='lat' dir='ltr'>rusticationis</span> <span class='ocrx_word' id='word_1_18' title='bbox 669 340 785 367; x_wconf 88' lang='lat' dir='ltr'>causa</span> <span class='ocrx_word' id='word_1_19' title='bbox 819 326 1054 367; x_wconf 83' lang='lat' dir='ltr'>excitarunt.</span> <span class='ocrx_word' id='word_1_20' title='bbox 1089 325 1301 367; x_wconf 82' lang='lat' dir='ltr'>Probabile</span> <span class='ocrx_word' id='word_1_21' title='bbox 1331 327 1436 367; x_wconf 88' lang='lat' dir='ltr'>enim</span> <span class='ocrx_word' id='word_1_22' title='bbox 1457 338 1533 378; x_wconf 74' lang='lat' dir='ltr'>est,</span> 
     </span>
     <span class='ocr_line' id='line_1_5' title="bbox 165 383 1539 441; baseline -0.001 -14"><span class='ocrx_word' id='word_1_23' title='bbox 165 386 324 427; x_wconf 85' lang='lat' dir='ltr'>eosdem</span> <span class='ocrx_word' id='word_1_24' title='bbox 356 400 475 440; x_wconf 89' lang='lat' dir='ltr'>super</span> <span class='ocrx_word' id='word_1_25' title='bbox 504 385 580 425; x_wconf 87' lang='lat' dir='ltr'>hoe</span> <span class='ocrx_word' id='word_1_26' title='bbox 611 383 896 425; x_wconf 84' lang='lat' dir='ltr'>amoenissimo</span> <span class='ocrx_word' id='word_1_27' title='bbox 925 383 1055 435; x_wconf 89' lang='lat' dir='ltr'>colle,</span> <span class='ocrx_word' id='word_1_28' title='bbox 1105 384 1175 441; x_wconf 88' lang='lat' dir='ltr'>qui</span> <span class='ocrx_word' id='word_1_29' title='bbox 1221 383 1539 440; x_wconf 83' lang='lat' dir='ltr'>Neapolitanum</span> 
     </span>
     <span class='ocr_line' id='line_1_6' title="bbox 167 441 1543 500; baseline 0.001 -17"><span class='ocrx_word' id='word_1_30' title='bbox 167 453 394 500; x_wconf 84' lang='lat' dir='ltr'>prospectat</span> <span class='ocrx_word' id='word_1_31' title='bbox 425 441 671 492; x_wconf 69' lang='lat' dir='ltr'>Craterem,</span> <span class='ocrx_word' id='word_1_32' title='bbox 703 442 877 497; x_wconf 83' lang='lat' dir='ltr'>Capreas</span> <span class='ocrx_word' id='word_1_33' title='bbox 911 441 1083 483; x_wconf 84' lang='lat' dir='ltr'>insulam</span> <span class='ocrx_word' id='word_1_34' title='bbox 1104 473 1121 494; x_wconf 90' lang='lat'><em>,</em></span> <span class='ocrx_word' id='word_1_35' title='bbox 1157 452 1195 482; x_wconf 90' lang='lat' dir='ltr'>et</span> <span class='ocrx_word' id='word_1_36' title='bbox 1226 443 1543 499; x_wconf 88' lang='lat' dir='ltr'>Apenninorum</span> 
     </span>
     <span class='ocr_line' id='line_1_7' title="bbox 164 500 1540 556; baseline 0.001 -15"><span class='ocrx_word' id='word_1_37' title='bbox 164 513 345 543; x_wconf 87' lang='lat' dir='ltr'>catenam</span> <span class='ocrx_word' id='word_1_38' title='bbox 378 515 470 541; x_wconf 84' lang='lat' dir='ltr'>cum</span> <span class='ocrx_word' id='word_1_39' title='bbox 505 501 717 551; x_wconf 75' lang='lat' dir='ltr'>Vesuvio,</span> <span class='ocrx_word' id='word_1_40' title='bbox 749 500 893 542; x_wconf 88' lang='lat' dir='ltr'>domos</span> <span class='ocrx_word' id='word_1_41' title='bbox 928 500 1120 556; x_wconf 84' lang='lat' dir='ltr'>villasque</span> <span class='ocrx_word' id='word_1_42' title='bbox 1168 500 1400 555; x_wconf 84' lang='lat' dir='ltr'>possedisse.</span> <span class='ocrx_word' id='word_1_43' title='bbox 1436 503 1540 542; x_wconf 84' lang='lat' dir='ltr'>Pau-</span> 
     </span>
     <span class='ocr_line' id='line_1_8' title="bbox 162 557 1541 614; baseline 0 -14"><span class='ocrx_word' id='word_1_44' title='bbox 162 560 217 600; x_wconf 86' lang='lat' dir='ltr'>cis</span> <span class='ocrx_word' id='word_1_45' title='bbox 249 574 342 600; x_wconf 86' lang='lat' dir='ltr'>vero</span> <span class='ocrx_word' id='word_1_46' title='bbox 373 557 519 599; x_wconf 84' lang='lat' dir='ltr'>abhinc</span> <span class='ocrx_word' id='word_1_47' title='bbox 542 558 658 599; x_wconf 82' lang='lat' dir='ltr'>annis</span> <span class='ocrx_word' id='word_1_48' title='bbox 689 568 869 614; x_wconf 81' lang='lat' dir='ltr'><strong>repertae</strong></span> <span class='ocrx_word' id='word_1_49' title='bbox 901 558 1014 599; x_wconf 86' lang='lat' dir='ltr'>fuere</span> <span class='ocrx_word' id='word_1_50' title='bbox 1045 568 1201 598; x_wconf 82' lang='lat' dir='ltr'>statuae</span> <span class='ocrx_word' id='word_1_51' title='bbox 1260 559 1365 600; x_wconf 90' lang='lat' dir='ltr'>inter</span> <span class='ocrx_word' id='word_1_52' title='bbox 1409 558 1541 601; x_wconf 72' lang='lat' dir='ltr'>aedifi-</span> 
     </span>
     <span class='ocr_line' id='line_1_9' title="bbox 164 615 1543 673; baseline 0.001 -16"><span class='ocrx_word' id='word_1_53' title='bbox 164 617 319 658; x_wconf 84' lang='lat' dir='ltr'>ciorum</span> <span class='ocrx_word' id='word_1_54' title='bbox 352 615 531 657; x_wconf 84' lang='lat' dir='ltr'>rudera:</span> <span class='ocrx_word' id='word_1_55' title='bbox 567 626 722 671; x_wconf 86' lang='lat' dir='ltr'>praeter</span> <span class='ocrx_word' id='word_1_56' title='bbox 753 617 828 657; x_wconf 89' lang='lat' dir='ltr'>alia</span> <span class='ocrx_word' id='word_1_57' title='bbox 860 616 1041 658; x_wconf 77' lang='lat' dir='ltr'>Graecus</span> <span class='ocrx_word' id='word_1_58' title='bbox 1073 615 1170 666; x_wconf 81' lang='lat' dir='ltr'>dux,</span> <span class='ocrx_word' id='word_1_59' title='bbox 1204 617 1275 672; x_wconf 89' lang='lat' dir='ltr'>qui</span> <span class='ocrx_word' id='word_1_60' title='bbox 1310 632 1418 658; x_wconf 91' lang='lat' dir='ltr'>nunc</span> <span class='ocrx_word' id='word_1_61' title='bbox 1453 632 1543 673; x_wconf 87' lang='lat' dir='ltr'>pro-</span> 
     </span>
     <span class='ocr_line' id='line_1_10' title="bbox 161 673 1542 730; baseline 0.001 -14"><span class='ocrx_word' id='word_1_62' title='bbox 161 685 239 716; x_wconf 81' lang='lat' dir='ltr'>stat.</span> <span class='ocrx_word' id='word_1_63' title='bbox 271 675 310 715; x_wconf 88' lang='lat' dir='ltr'>iu</span> <span class='ocrx_word' id='word_1_64' title='bbox 343 674 634 716; x_wconf 83' lang='lat' dir='ltr'>amoenissimis</span> <span class='ocrx_word' id='word_1_65' title='bbox 684 675 809 716; x_wconf 86' lang='lat' dir='ltr'>hortis</span> <span class='ocrx_word' id='word_1_66' title='bbox 842 675 1038 730; x_wconf 86' lang='lat' dir='ltr'>Principis</span> <span class='ocrx_word' id='word_1_67' title='bbox 1071 673 1252 717; x_wconf 86' lang='lat' dir='ltr'>Carafae.</span> <span class='ocrx_word' id='word_1_68' title='bbox 1297 674 1434 716; x_wconf 82' lang='lat' dir='ltr'>Restat</span> <span class='ocrx_word' id='word_1_69' title='bbox 1468 676 1542 724; x_wconf 72' lang='lat' dir='ltr'>eti-3</span> 
     </span>
     <span class='ocr_line' id='line_1_11' title="bbox 162 731 1540 789; baseline 0.001 -15"><span class='ocrx_word' id='word_1_70' title='bbox 162 748 227 774; x_wconf 82' lang='lat' dir='ltr'>am</span> <span class='ocrx_word' id='word_1_71' title='bbox 260 736 370 774; x_wconf 81' lang='lat' dir='ltr'>iuxta</span> <span class='ocrx_word' id='word_1_72' title='bbox 403 733 571 774; x_wconf 87' lang='lat' dir='ltr'>eandem</span> <span class='ocrx_word' id='word_1_73' title='bbox 601 733 706 774; x_wconf 85' lang='lat' dir='ltr'>viam</span> <span class='ocrx_word' id='word_1_74' title='bbox 737 732 927 789; x_wconf 85' lang='lat' dir='ltr'>antiquae</span> <span class='ocrx_word' id='word_1_75' title='bbox 957 731 1132 774; x_wconf 81' lang='lat' dir='ltr'>fabricae</span> <span class='ocrx_word' id='word_1_76' title='bbox 1172 747 1263 789; x_wconf 85' lang='lat' dir='ltr'>pars</span> <span class='ocrx_word' id='word_1_77' title='bbox 1313 746 1432 789; x_wconf 84' lang='lat' dir='ltr'>opere</span> <span class='ocrx_word' id='word_1_78' title='bbox 1465 745 1540 776; x_wconf 88' lang='lat' dir='ltr'>tes-</span> 
     </span>
     <span class='ocr_line' id='line_1_12' title="bbox 165 791 317 833; baseline -0.007 -1"><span class='ocrx_word' id='word_1_79' title='bbox 165 791 317 833; x_wconf 81' lang='lat' dir='ltr'>sellato.</span> 
     </span>
    </p>

    <p class='ocr_par' dir='ltr' id='par_1_2' title="bbox 126 847 1557 2123">
     <span class='ocr_line' id='line_1_13' title="bbox 280 847 1542 892; baseline 0.002 -2"><span class='ocrx_word' id='word_1_80' title='bbox 280 847 458 891; x_wconf 81' lang='lat' dir='ltr'>Celebris</span> <span class='ocrx_word' id='word_1_81' title='bbox 489 858 547 890; x_wconf 88' lang='lat' dir='ltr'>est</span> <span class='ocrx_word' id='word_1_82' title='bbox 577 847 616 891; x_wconf 91' lang='lat' dir='ltr'>S.</span> <span class='ocrx_word' id='word_1_83' title='bbox 651 848 827 891; x_wconf 80' lang='lat' dir='ltr'>Ianuarii</span> <span class='ocrx_word' id='word_1_84' title='bbox 858 848 920 890; x_wconf 81' lang='lat' dir='ltr'>ad</span> <span class='ocrx_word' id='word_1_85' title='bbox 934 848 986 891; x_wconf 94' lang='lat' dir='ltr'><em>V</em></span> <span class='ocrx_word' id='word_1_86' title='bbox 982 863 1173 891; x_wconf 79' lang='lat' dir='ltr'>emerem</span> <span class='ocrx_word' id='word_1_87' title='bbox 1204 848 1383 891; x_wconf 85' lang='lat' dir='ltr'>Ecclesia</span> <span class='ocrx_word' id='word_1_88' title='bbox 1415 847 1470 890; x_wconf 92' lang='lat' dir='ltr'>ob</span> <span class='ocrx_word' id='word_1_89' title='bbox 1502 867 1542 892; x_wconf 92' lang='lat' dir='ltr'>e-</span> 
     </span>
     <span class='ocr_line' id='line_1_14' title="bbox 165 907 1545 963; baseline 0.001 -14"><span class='ocrx_word' id='word_1_90' title='bbox 165 907 322 951; x_wconf 81' lang='lat' dir='ltr'>iusdem</span> <span class='ocrx_word' id='word_1_91' title='bbox 353 909 397 949; x_wconf 88' lang='lat' dir='ltr'>B.</span> <span class='ocrx_word' id='word_1_92' title='bbox 429 907 607 948; x_wconf 87' lang='lat' dir='ltr'>Martiris</span> <span class='ocrx_word' id='word_1_93' title='bbox 639 907 895 956; x_wconf 87' lang='lat' dir='ltr'>memoriam,</span> <span class='ocrx_word' id='word_1_94' title='bbox 925 907 990 948; x_wconf 86' lang='lat' dir='ltr'>cui</span> <span class='ocrx_word' id='word_1_95' title='bbox 1021 918 1150 949; x_wconf 88' lang='lat' dir='ltr'>erecta</span> <span class='ocrx_word' id='word_1_96' title='bbox 1184 907 1260 949; x_wconf 84' lang='lat' dir='ltr'>fuit</span> <span class='ocrx_word' id='word_1_97' title='bbox 1292 907 1347 950; x_wconf 92' lang='lat' dir='ltr'>ob</span> <span class='ocrx_word' id='word_1_98' title='bbox 1377 907 1545 963; x_wconf 82' lang='lat' dir='ltr'>aliquod</span> 
     </span>
     <span class='ocr_line' id='line_1_15' title="bbox 166 965 1544 1021; baseline 0.001 -14"><span class='ocrx_word' id='word_1_99' title='bbox 166 965 333 1020; x_wconf 72' lang='lat' dir='ltr'>speciale</span> <span class='ocrx_word' id='word_1_100' title='bbox 365 965 631 1015; x_wconf 87' lang='lat' dir='ltr'>beneficium,</span> <span class='ocrx_word' id='word_1_101' title='bbox 662 966 772 1021; x_wconf 88' lang='lat' dir='ltr'>quod</span> <span class='ocrx_word' id='word_1_102' title='bbox 805 965 1058 1021; x_wconf 84' lang='lat' dir='ltr'>Neapolitani</span> <span class='ocrx_word' id='word_1_103' title='bbox 1098 967 1196 1007; x_wconf 90' lang='lat' dir='ltr'>olim</span> <span class='ocrx_word' id='word_1_104' title='bbox 1229 983 1249 1007; x_wconf 89' lang='lat' dir='ltr'>a</span> <span class='ocrx_word' id='word_1_105' title='bbox 1281 970 1368 1010; x_wconf 87' lang='lat' dir='ltr'>Deo</span> <span class='ocrx_word' id='word_1_106' title='bbox 1402 969 1452 1008; x_wconf 93' lang='grc' dir='ltr'>Ο.</span> <span class='ocrx_word' id='word_1_107' title='bbox 1484 970 1544 1009; x_wconf 86' lang='grc' dir='ltr'>Μ.</span> 
     </span>
     <span class='ocr_line' id='line_1_16' title="bbox 161 1024 1544 1080; baseline -0.001 -15"><span class='ocrx_word' id='word_1_108' title='bbox 161 1025 217 1065; x_wconf 82' lang='lat' dir='ltr'>ob</span> <span class='ocrx_word' id='word_1_109' title='bbox 249 1024 372 1080; x_wconf 76' lang='lat' dir='ltr'>ipsius</span> <span class='ocrx_word' id='word_1_110' title='bbox 412 1027 450 1067; x_wconf 89' lang='lat' dir='ltr'>S.</span> <span class='ocrx_word' id='word_1_111' title='bbox 487 1025 677 1078; x_wconf 78' lang='lat' dir='ltr'>Martyris</span> <span class='ocrx_word' id='word_1_112' title='bbox 712 1024 1036 1065; x_wconf 85' lang='lat' dir='ltr'>intercessionem</span> <span class='ocrx_word' id='word_1_113' title='bbox 1069 1039 1267 1080; x_wconf 87' lang='lat' dir='ltr'>recepere,</span> <span class='ocrx_word' id='word_1_114' title='bbox 1302 1026 1359 1065; x_wconf 88' lang='lat' dir='ltr'>vel</span> <span class='ocrx_word' id='word_1_115' title='bbox 1401 1035 1443 1065; x_wconf 85' lang='lat' dir='ltr'>ut</span> <span class='ocrx_word' id='word_1_116' title='bbox 1480 1026 1544 1064; x_wconf 83' lang='lat' dir='ltr'>alii</span> 
     </span>
     <span class='ocr_line' id='line_1_17' title="bbox 163 1081 1544 1137; baseline 0 -14"><span class='ocrx_word' id='word_1_117' title='bbox 163 1093 363 1132; x_wconf 78' lang='lat' dir='ltr'>narrant,</span> <span class='ocrx_word' id='word_1_118' title='bbox 397 1082 449 1122; x_wconf 88' lang='lat' dir='ltr'>ob</span> <span class='ocrx_word' id='word_1_119' title='bbox 483 1082 661 1122; x_wconf 84' lang='lat' dir='ltr'>eiusdem</span> <span class='ocrx_word' id='word_1_120' title='bbox 696 1081 862 1136; x_wconf 81' lang='lat' dir='ltr'>longum</span> <span class='ocrx_word' id='word_1_121' title='bbox 897 1082 985 1132; x_wconf 87' lang='lat' dir='ltr'>iter,</span> <span class='ocrx_word' id='word_1_122' title='bbox 1017 1082 1128 1137; x_wconf 82' lang='lat' dir='ltr'>quod</span> <span class='ocrx_word' id='word_1_123' title='bbox 1159 1097 1181 1121; x_wconf 81' lang='lat' dir='ltr'>a</span> <span class='ocrx_word' id='word_1_124' title='bbox 1213 1082 1317 1123; x_wconf 83' lang='lat' dir='ltr'>Nola</span> <span class='ocrx_word' id='word_1_125' title='bbox 1353 1084 1544 1123; x_wconf 73' lang='lat' dir='ltr'>Puteolos</span> 
     </span>
     <span class='ocr_line' id='line_1_18' title="bbox 161 1137 1542 1181; baseline -0.002 0"><span class='ocrx_word' id='word_1_126' title='bbox 161 1151 252 1181; x_wconf 85' lang='lat' dir='ltr'>ante</span> <span class='ocrx_word' id='word_1_127' title='bbox 284 1141 477 1181; x_wconf 73' lang='lat' dir='ltr'>praesidis</span> <span class='ocrx_word' id='word_1_128' title='bbox 507 1154 672 1179; x_wconf 84' lang='lat' dir='ltr'>currum</span> <span class='ocrx_word' id='word_1_129' title='bbox 705 1141 889 1180; x_wconf 86' lang='lat' dir='ltr'>instituit.</span> <span class='ocrx_word' id='word_1_130' title='bbox 924 1137 981 1178; x_wconf 88' lang='lat' dir='ltr'>Re</span> <span class='ocrx_word' id='word_1_131' title='bbox 1012 1153 1106 1179; x_wconf 80' lang='lat' dir='ltr'>sane</span> <span class='ocrx_word' id='word_1_132' title='bbox 1121 1154 1212 1179; x_wconf 81' lang='lat' dir='ltr'>vera</span> <span class='ocrx_word' id='word_1_133' title='bbox 1242 1142 1342 1180; x_wconf 80' lang='lat' dir='ltr'>Acta</span> <span class='ocrx_word' id='word_1_134' title='bbox 1379 1141 1542 1180; x_wconf 63' lang='lat' dir='ltr'>Vatica-</span> 
     </span>
     <span class='ocr_line' id='line_1_19' title="bbox 163 1196 1544 1252; baseline 0 -13"><span class='ocrx_word' id='word_1_135' title='bbox 163 1214 213 1239; x_wconf 84' lang='lat' dir='ltr'>na</span> <span class='ocrx_word' id='word_1_136' title='bbox 245 1213 266 1237; x_wconf 84' lang='lat' dir='ltr'>a</span> <span class='ocrx_word' id='word_1_137' title='bbox 300 1196 360 1238; x_wconf 65' lang='grc' dir='ltr'>(ΖΞ.</span> <span class='ocrx_word' id='word_1_138' title='bbox 395 1196 607 1239; x_wconf 80' lang='lat' dir='ltr'>Mazocbio</span> <span class='ocrx_word' id='word_1_139' title='bbox 639 1196 756 1237; x_wconf 84' lang='lat' dir='ltr'>allata</span> <span class='ocrx_word' id='word_1_140' title='bbox 788 1196 949 1237; x_wconf 74' lang='lat' dir='ltr'>Vindio.</span> <span class='ocrx_word' id='word_1_141' title='bbox 983 1197 1122 1252; x_wconf 79' lang='lat' dir='ltr'>Repet.</span> <span class='ocrx_word' id='word_1_142' title='bbox 1141 1197 1180 1237; x_wconf 88' lang='lat' dir='ltr'>S.</span> <span class='ocrx_word' id='word_1_143' title='bbox 1215 1197 1373 1238; x_wconf 82' lang='lat' dir='ltr'>Ianuar.</span> <span class='ocrx_word' id='word_1_144' title='bbox 1408 1200 1544 1250; x_wconf 83' lang='lat' dir='ltr'>ipsum</span> 
     </span>
     <span class='ocr_line' id='line_1_20' title="bbox 162 1255 1544 1311; baseline 0.001 -16"><span class='ocrx_word' id='word_1_145' title='bbox 162 1271 233 1311; x_wconf 83' lang='lat' dir='ltr'>per</span> <span class='ocrx_word' id='word_1_146' title='bbox 266 1256 368 1295; x_wconf 85' lang='lat' dir='ltr'>hanc</span> <span class='ocrx_word' id='word_1_147' title='bbox 402 1255 504 1295; x_wconf 78' lang='lat' dir='ltr'>viam</span> <span class='ocrx_word' id='word_1_148' title='bbox 539 1255 723 1296; x_wconf 77' lang='lat' dir='ltr'>transisse</span> <span class='ocrx_word' id='word_1_149' title='bbox 755 1255 965 1310; x_wconf 80' lang='lat' dir='ltr'>produnt:</span> <span class='ocrx_word' id='word_1_150' title='bbox 1000 1259 1118 1296; x_wconf 78' lang='lat' dir='ltr'>Tunc</span> <span class='ocrx_word' id='word_1_151' title='bbox 1144 1255 1391 1296; x_wconf 72' lang='lat' dir='ltr'>Timotheus</span> <span class='ocrx_word' id='word_1_152' title='bbox 1409 1256 1544 1297; x_wconf 75' lang='lat' dir='ltr'>Prae-</span> 
     </span>
     <span class='ocr_line' id='line_1_21' title="bbox 162 1312 1541 1368; baseline 0 -14"><span class='ocrx_word' id='word_1_153' title='bbox 162 1328 233 1355; x_wconf 76' lang='lat' dir='ltr'>ses</span> <span class='ocrx_word' id='word_1_154' title='bbox 263 1315 328 1354; x_wconf 78' lang='lat' dir='ltr'>ira</span> <span class='ocrx_word' id='word_1_155' title='bbox 371 1315 562 1368; x_wconf 77' lang='lat' dir='ltr'>repletus</span> <span class='ocrx_word' id='word_1_156' title='bbox 594 1312 639 1353; x_wconf 76' lang='lat' dir='ltr'>S.</span> <span class='ocrx_word' id='word_1_157' title='bbox 690 1313 945 1354; x_wconf 77' lang='lat' dir='ltr'>Ianuarium</span> <span class='ocrx_word' id='word_1_158' title='bbox 985 1312 1258 1367; x_wconf 73' lang='lat' dir='ltr'>Episcopum</span> <span class='ocrx_word' id='word_1_159' title='bbox 1303 1329 1391 1354; x_wconf 82' lang='lat' dir='ltr'>una</span> <span class='ocrx_word' id='word_1_160' title='bbox 1443 1329 1541 1354; x_wconf 80' lang='lat' dir='ltr'>cum</span> 
     </span>
     <span class='ocr_line' id='line_1_22' title="bbox 163 1370 1542 1422; baseline 0 -10"><span class='ocrx_word' id='word_1_161' title='bbox 163 1371 296 1413; x_wconf 78' lang='lat' dir='ltr'>Festo</span> <span class='ocrx_word' id='word_1_162' title='bbox 335 1373 536 1411; x_wconf 79' lang='lat' dir='ltr'>Diacono</span> <span class='ocrx_word' id='word_1_163' title='bbox 558 1401 573 1419; x_wconf 85' lang='lat'><strong>,</strong></span> <span class='ocrx_word' id='word_1_164' title='bbox 607 1381 648 1412; x_wconf 81' lang='lat' dir='ltr'>et</span> <span class='ocrx_word' id='word_1_165' title='bbox 695 1370 927 1411; x_wconf 77' lang='lat' dir='ltr'>Desiderio</span> <span class='ocrx_word' id='word_1_166' title='bbox 983 1370 1165 1411; x_wconf 81' lang='lat' dir='ltr'>Lectore</span> <span class='ocrx_word' id='word_1_167' title='bbox 1203 1373 1329 1422; x_wconf 71' lang='lat' dir='ltr'>fet-ro</span> <span class='ocrx_word' id='word_1_168' title='bbox 1381 1376 1542 1418; x_wconf 74' lang='lat' dir='ltr'>vinctos</span> 
     </span>
     <span class='ocr_line' id='line_1_23' title="bbox 164 1427 1543 1485; baseline 0 -15"><span class='ocrx_word' id='word_1_169' title='bbox 164 1430 283 1470; x_wconf 72' lang='lat' dir='ltr'>iussit</span> <span class='ocrx_word' id='word_1_170' title='bbox 313 1438 414 1469; x_wconf 76' lang='lat' dir='ltr'>ante</span> <span class='ocrx_word' id='word_1_171' title='bbox 452 1442 624 1469; x_wconf 76' lang='lat' dir='ltr'>currum</span> <span class='ocrx_word' id='word_1_172' title='bbox 653 1443 777 1469; x_wconf 78' lang='lat' dir='ltr'>suum</span> <span class='ocrx_word' id='word_1_173' title='bbox 803 1428 1006 1482; x_wconf 76' lang='lat' dir='ltr'>protrahi</span> <span class='ocrx_word' id='word_1_174' title='bbox 1054 1427 1071 1485; x_wconf 81' lang='lat'>(</span> <span class='ocrx_word' id='word_1_175' title='bbox 1103 1443 1124 1468; x_wconf 88' lang='lat' dir='ltr'>a</span> <span class='ocrx_word' id='word_1_176' title='bbox 1157 1428 1264 1469; x_wconf 83' lang='lat' dir='ltr'>Nola</span> <span class='ocrx_word' id='word_1_177' title='bbox 1298 1444 1445 1482; x_wconf 83' lang='lat' dir='ltr'>nempe</span> <span class='ocrx_word' id='word_1_178' title='bbox 1480 1445 1543 1470; x_wconf 81' lang='lat' dir='ltr'>ur-</span> 
     </span>
     <span class='ocr_line' id='line_1_24' title="bbox 165 1485 1545 1543; baseline 0 -17"><span class='ocrx_word' id='word_1_179' title='bbox 165 1486 216 1527; x_wconf 88' lang='lat' dir='ltr'>be</span> <span class='ocrx_word' id='word_1_180' title='bbox 248 1487 263 1543; x_wconf 86' lang='lat'>)</span> <span class='ocrx_word' id='word_1_181' title='bbox 300 1487 343 1526; x_wconf 83' lang='lat' dir='ltr'>in</span> <span class='ocrx_word' id='word_1_182' title='bbox 375 1486 591 1527; x_wconf 73' lang='lat' dir='ltr'>civitatem</span> <span class='ocrx_word' id='word_1_183' title='bbox 622 1485 923 1527; x_wconf 78' lang='lat' dir='ltr'>Puteolanam.</span> <span class='ocrx_word' id='word_1_184' title='bbox 959 1487 1062 1527; x_wconf 82' lang='lat' dir='ltr'>Acta</span> <span class='ocrx_word' id='word_1_185' title='bbox 1102 1501 1198 1527; x_wconf 87' lang='lat' dir='ltr'>vero</span> <span class='ocrx_word' id='word_1_186' title='bbox 1242 1487 1511 1527; x_wconf 75' lang='lat' dir='ltr'>Bononiensia</span> <span class='ocrx_word' id='word_1_187' title='bbox 1533 1518 1545 1537; x_wconf 90' lang='lat'>‚</span> 
     </span>
     <span class='ocr_line' id='line_1_25' title="bbox 166 1543 1544 1600; baseline 0.001 -17"><span class='ocrx_word' id='word_1_188' title='bbox 166 1555 205 1584; x_wconf 82' lang='lat' dir='ltr'>et</span> <span class='ocrx_word' id='word_1_189' title='bbox 236 1554 423 1585; x_wconf 81' lang='lat' dir='ltr'>auctores</span> <span class='ocrx_word' id='word_1_190' title='bbox 454 1558 594 1585; x_wconf 83' lang='lat' dir='ltr'>omnes</span> <span class='ocrx_word' id='word_1_191' title='bbox 615 1575 625 1595; x_wconf 88' lang='lat'><strong>‚</strong></span> <span class='ocrx_word' id='word_1_192' title='bbox 657 1545 728 1600; x_wconf 88' lang='lat' dir='ltr'>qui</span> <span class='ocrx_word' id='word_1_193' title='bbox 762 1543 810 1584; x_wconf 88' lang='lat' dir='ltr'>de</span> <span class='ocrx_word' id='word_1_194' title='bbox 843 1544 884 1585; x_wconf 88' lang='lat' dir='ltr'>S.</span> <span class='ocrx_word' id='word_1_195' title='bbox 918 1544 1103 1585; x_wconf 85' lang='lat' dir='ltr'>Ianuario</span> <span class='ocrx_word' id='word_1_196' title='bbox 1140 1555 1332 1598; x_wconf 81' lang='lat' dir='ltr'>egerunt,</span> <span class='ocrx_word' id='word_1_197' title='bbox 1368 1544 1544 1585; x_wconf 77' lang='lat' dir='ltr'>eundem</span> 
     </span>
     <span class='ocr_line' id='line_1_26' title="bbox 163 1602 1548 1659; baseline -0.001 -15"><span class='ocrx_word' id='word_1_198' title='bbox 163 1604 204 1644; x_wconf 80' lang='lat' dir='ltr'>S.</span> <span class='ocrx_word' id='word_1_199' title='bbox 239 1605 462 1659; x_wconf 83' lang='lat' dir='ltr'>Martyrem</span> <span class='ocrx_word' id='word_1_200' title='bbox 498 1616 566 1657; x_wconf 85' lang='lat' dir='ltr'>per</span> <span class='ocrx_word' id='word_1_201' title='bbox 598 1602 700 1642; x_wconf 84' lang='lat' dir='ltr'>hauc</span> <span class='ocrx_word' id='word_1_202' title='bbox 732 1602 835 1642; x_wconf 84' lang='lat' dir='ltr'>viam</span> <span class='ocrx_word' id='word_1_203' title='bbox 868 1604 960 1643; x_wconf 72' lang='lat' dir='ltr'>ante</span> <span class='ocrx_word' id='word_1_204' title='bbox 991 1603 1196 1644; x_wconf 77' lang='lat' dir='ltr'>praesidis</span> <span class='ocrx_word' id='word_1_205' title='bbox 1228 1618 1399 1645; x_wconf 80' lang='lat' dir='ltr'>currum</span> <span class='ocrx_word' id='word_1_206' title='bbox 1445 1614 1548 1643; x_wconf 78' lang='lat' dir='ltr'>cute-</span> 
     </span>
     <span class='ocr_line' id='line_1_27' title="bbox 161 1658 1551 1716; baseline 0.001 -16"><span class='ocrx_word' id='word_1_207' title='bbox 161 1660 222 1701; x_wconf 84' lang='lat' dir='ltr'>nis</span> <span class='ocrx_word' id='word_1_208' title='bbox 237 1671 409 1701; x_wconf 80' lang='lat' dir='ltr'>tractum</span> <span class='ocrx_word' id='word_1_209' title='bbox 428 1659 608 1700; x_wconf 80' lang='lat' dir='ltr'>transisse</span> <span class='ocrx_word' id='word_1_210' title='bbox 641 1659 827 1701; x_wconf 83' lang='lat' dir='ltr'>historiae</span> <span class='ocrx_word' id='word_1_211' title='bbox 847 1660 1074 1716; x_wconf 80' lang='lat' dir='ltr'>prodidere.</span> <span class='ocrx_word' id='word_1_212' title='bbox 1106 1661 1215 1702; x_wconf 79' lang='lat' dir='ltr'>Inter</span> <span class='ocrx_word' id='word_1_213' title='bbox 1245 1658 1341 1701; x_wconf 78' lang='lat' dir='ltr'>alios</span> <span class='ocrx_word' id='word_1_214' title='bbox 1373 1660 1551 1701; x_wconf 56' lang='lat' dir='ltr'>Ioannes</span> 
     </span>
     <span class='ocr_line' id='line_1_28' title="bbox 163 1718 1547 1761; baseline -0.001 -2"><span class='ocrx_word' id='word_1_215' title='bbox 163 1721 371 1760; x_wconf 83' lang='lat' dir='ltr'>Diaconus</span> <span class='ocrx_word' id='word_1_216' title='bbox 387 1718 425 1758; x_wconf 86' lang='lat' dir='ltr'>id</span> <span class='ocrx_word' id='word_1_217' title='bbox 446 1718 563 1758; x_wconf 86' lang='lat' dir='ltr'>etiam</span> <span class='ocrx_word' id='word_1_218' title='bbox 586 1718 662 1758; x_wconf 70' lang='lat' dir='ltr'>hoc</span> <span class='ocrx_word' id='word_1_219' title='bbox 682 1718 805 1759; x_wconf 86' lang='lat' dir='ltr'>modo</span> <span class='ocrx_word' id='word_1_220' title='bbox 821 1718 1051 1759; x_wconf 80' lang='lat' dir='ltr'>coufirmat:</span> <span class='ocrx_word' id='word_1_221' title='bbox 1073 1719 1192 1760; x_wconf 76' lang='lat' dir='ltr'>Tunc</span> <span class='ocrx_word' id='word_1_222' title='bbox 1217 1720 1383 1761; x_wconf 80' lang='lat' dir='ltr'>Consul</span> <span class='ocrx_word' id='word_1_223' title='bbox 1411 1720 1547 1759; x_wconf 72' lang='lat' dir='ltr'>m&#39;mz&#39;o</span> 
     </span>
     <span class='ocr_line' id='line_1_29' title="bbox 161 1777 1548 1830; baseline -0.001 -13"><span class='ocrx_word' id='word_1_224' title='bbox 161 1790 398 1818; x_wconf 81' lang='lat' dir='ltr'>succensus</span> <span class='ocrx_word' id='word_1_225' title='bbox 420 1778 601 1827; x_wconf 75' lang='lat' dir='ltr'>fin-ore,</span> <span class='ocrx_word' id='word_1_226' title='bbox 645 1781 867 1830; x_wconf 79' lang='lat' dir='ltr'>praecepit</span> <span class='ocrx_word' id='word_1_227' title='bbox 918 1777 1013 1817; x_wconf 84' lang='lat' dir='ltr'>illos</span> <span class='ocrx_word' id='word_1_228' title='bbox 1061 1786 1177 1817; x_wconf 82' lang='lat' dir='ltr'>ante·</span> <span class='ocrx_word' id='word_1_229' title='bbox 1200 1792 1375 1818; x_wconf 75' lang='lat' dir='ltr'>currum</span> <span class='ocrx_word' id='word_1_230' title='bbox 1422 1791 1548 1816; x_wconf 76' lang='lat' dir='ltr'>suum</span> 
     </span>
     <span class='ocr_line' id='line_1_30' title="bbox 162 1834 1547 1890; baseline -0.001 -15"><span class='ocrx_word' id='word_1_231' title='bbox 162 1835 327 1875; x_wconf 76' lang='lat' dir='ltr'>catenis</span> <span class='ocrx_word' id='word_1_232' title='bbox 359 1835 547 1873; x_wconf 67' lang='lat' dir='ltr'>innexos</span> <span class='ocrx_word' id='word_1_233' title='bbox 577 1848 713 1890; x_wconf 75' lang='lat' dir='ltr'>usque</span> <span class='ocrx_word' id='word_1_234' title='bbox 745 1834 1029 1875; x_wconf 76' lang='lat' dir='ltr'>Puteolanam</span> <span class='ocrx_word' id='word_1_235' title='bbox 1058 1837 1232 1888; x_wconf 74' lang='lat' dir='ltr'>potralzc&#39;</span> <span class='ocrx_word' id='word_1_236' title='bbox 1266 1836 1429 1876; x_wconf 72' lang='lat' dir='ltr'>urbem.</span> <span class='ocrx_word' id='word_1_237' title='bbox 1483 1834 1547 1874; x_wconf 71' lang='lat' dir='ltr'>Ex</span> 
     </span>
     <span class='ocr_line' id='line_1_31' title="bbox 161 1891 1551 1945; baseline -0.001 -13"><span class='ocrx_word' id='word_1_238' title='bbox 161 1891 416 1933; x_wconf 77' lang='lat' dir='ltr'>laudatorum</span> <span class='ocrx_word' id='word_1_239' title='bbox 452 1893 648 1932; x_wconf 72' lang='lat' dir='ltr'>Actorum</span> <span class='ocrx_word' id='word_1_240' title='bbox 670 1925 686 1945; x_wconf 79' lang='lat'>‚</span> <span class='ocrx_word' id='word_1_241' title='bbox 716 1902 754 1932; x_wconf 89' lang='lat' dir='ltr'>et</span> <span class='ocrx_word' id='word_1_242' title='bbox 786 1893 945 1933; x_wconf 82' lang='lat' dir='ltr'>Ioannis</span> <span class='ocrx_word' id='word_1_243' title='bbox 979 1892 1149 1935; x_wconf 84' lang='lat' dir='ltr'>Diaconi</span> <span class='ocrx_word' id='word_1_244' title='bbox 1184 1892 1313 1933; x_wconf 81' lang='lat' dir='ltr'>verbis</span> <span class='ocrx_word' id='word_1_245' title='bbox 1364 1902 1470 1932; x_wconf 84' lang='lat' dir='ltr'>recte</span> <span class='ocrx_word' id='word_1_246' title='bbox 1492 1893 1551 1930; x_wconf 82' lang='lat' dir='ltr'>in-</span> 
     </span>
     <span class='ocr_line' id='line_1_32' title="bbox 161 1948 1549 2007; baseline -0.001 -17"><span class='ocrx_word' id='word_1_247' title='bbox 161 1949 350 2005; x_wconf 74' lang='lat' dir='ltr'>telligitur</span> <span class='ocrx_word' id='word_1_248' title='bbox 374 1980 386 2002; x_wconf 84' lang='lat'>,</span> <span class='ocrx_word' id='word_1_249' title='bbox 420 1948 707 1990; x_wconf 82' lang='lat' dir='ltr'>Proconsulem</span> <span class='ocrx_word' id='word_1_250' title='bbox 739 1950 1000 1993; x_wconf 84' lang='lat' dir='ltr'>Timotheum</span> <span class='ocrx_word' id='word_1_251' title='bbox 1021 1982 1036 2000; x_wconf 83' lang='lat'>,</span> <span class='ocrx_word' id='word_1_252' title='bbox 1069 1965 1152 2007; x_wconf 82' lang='lat' dir='ltr'>quo</span> <span class='ocrx_word' id='word_1_253' title='bbox 1201 1949 1310 1992; x_wconf 81' lang='lat' dir='ltr'>Nola</span> <span class='ocrx_word' id='word_1_254' title='bbox 1356 1950 1549 1990; x_wconf 79' lang='lat' dir='ltr'>Puteolos</span> 
     </span>
     <span class='ocr_line' id='line_1_33' title="bbox 160 2007 1557 2062; baseline 0.002 -14"><span class='ocrx_word' id='word_1_255' title='bbox 160 2008 410 2060; x_wconf 81' lang='lat' dir='ltr'>adveniret,</span> <span class='ocrx_word' id='word_1_256' title='bbox 445 2023 516 2062; x_wconf 84' lang='lat' dir='ltr'>per</span> <span class='ocrx_word' id='word_1_257' title='bbox 548 2008 651 2048; x_wconf 85' lang='lat' dir='ltr'>hanc</span> <span class='ocrx_word' id='word_1_258' title='bbox 684 2007 788 2050; x_wconf 74' lang='lat' dir='ltr'>viam</span> <span class='ocrx_word' id='word_1_259' title='bbox 837 2009 1003 2049; x_wconf 83' lang='lat' dir='ltr'>transire</span> <span class='ocrx_word' id='word_1_260' title='bbox 1056 2010 1281 2050; x_wconf 75' lang='lat' dir='ltr'>neeessario</span> <span class='ocrx_word' id='word_1_261' title='bbox 1337 2007 1521 2049; x_wconf 88' lang='lat' dir='ltr'>debuisse</span> <span class='ocrx_word' id='word_1_262' title='bbox 1541 2039 1557 2060; x_wconf 89' lang='lat'>‚.</span> 
     </span>
     <span class='ocr_line' id='line_1_34' title="bbox 126 2065 1550 2123; baseline 0.001 -16"><span class='ocrx_word' id='word_1_263' title='bbox 126 2115 127 2118; x_wconf 11' lang='grc' dir='ltr'><strong>Ἴ</strong></span> <span class='ocrx_word' id='word_1_264' title='bbox 157 2067 354 2123; x_wconf 80' lang='lat' dir='ltr'>quoniam</span> <span class='ocrx_word' id='word_1_265' title='bbox 387 2069 498 2108; x_wconf 80' lang='lat' dir='ltr'>nulla</span> <span class='ocrx_word' id='word_1_266' title='bbox 529 2065 605 2107; x_wconf 89' lang='lat' dir='ltr'>alia</span> <span class='ocrx_word' id='word_1_267' title='bbox 642 2077 799 2122; x_wconf 83' lang='lat' dir='ltr'>praeter</span> <span class='ocrx_word' id='word_1_268' title='bbox 831 2066 940 2108; x_wconf 82' lang='lat' dir='ltr'>illam</span> <span class='ocrx_word' id='word_1_269' title='bbox 970 2066 1110 2109; x_wconf 81' lang='lat' dir='ltr'>aderat</span> <span class='ocrx_word' id='word_1_270' title='bbox 1161 2065 1429 2108; x_wconf 86' lang='lat' dir='ltr'>commodior</span> <span class='ocrx_word' id='word_1_271' title='bbox 1449 2097 1462 2116; x_wconf 89' lang='lat'><strong>,</strong></span> <span class='ocrx_word' id='word_1_272' title='bbox 1510 2077 1550 2108; x_wconf 70' lang='lat' dir='ltr'>et</span> 
     </span>
    </p>

    <p class='ocr_par' dir='ltr' id='par_1_3' title="bbox 157 2123 1553 2358">
     <span class='ocr_line' id='line_1_35' title="bbox 159 2123 1552 2182; baseline 0 -16"><span class='ocrx_word' id='word_1_273' title='bbox 159 2124 336 2166; x_wconf 77' lang='lat' dir='ltr'>rotabilis</span> <span class='ocrx_word' id='word_1_274' title='bbox 357 2155 369 2174; x_wconf 93' lang='lat'><strong><em>,</em></strong></span> <span class='ocrx_word' id='word_1_275' title='bbox 409 2135 452 2165; x_wconf 91' lang='lat' dir='ltr'>ut</span> <span class='ocrx_word' id='word_1_276' title='bbox 483 2139 530 2164; x_wconf 85' lang='lat' dir='ltr'>ex</span> <span class='ocrx_word' id='word_1_277' title='bbox 561 2124 684 2180; x_wconf 71' lang='lat' dir='ltr'>ipsius</span> <span class='ocrx_word' id='word_1_278' title='bbox 714 2124 850 2165; x_wconf 75' lang='lat' dir='ltr'>adhuc</span> <span class='ocrx_word' id='word_1_279' title='bbox 880 2124 1005 2167; x_wconf 87' lang='lat' dir='ltr'>ruinis</span> <span class='ocrx_word' id='word_1_280' title='bbox 1026 2160 1039 2179; x_wconf 91' lang='lat'><strong>,</strong></span> <span class='ocrx_word' id='word_1_281' title='bbox 1071 2131 1184 2182; x_wconf 81' lang='lat' dir='ltr'>quae</span> <span class='ocrx_word' id='word_1_282' title='bbox 1207 2135 1387 2174; x_wconf 77' lang='lat' dir='ltr'>restant,</span> <span class='ocrx_word' id='word_1_283' title='bbox 1421 2123 1552 2166; x_wconf 79' lang='lat' dir='ltr'>videri·</span> 
     </span>
     <span class='ocr_line' id='line_1_36' title="bbox 158 2181 1550 2238; baseline 0.002 -16"><span class='ocrx_word' id='word_1_284' title='bbox 158 2183 303 2238; x_wconf 87' lang='lat' dir='ltr'>cuique</span> <span class='ocrx_word' id='word_1_285' title='bbox 332 2181 436 2224; x_wconf 88' lang='lat' dir='ltr'>licet.</span> <span class='ocrx_word' id='word_1_286' title='bbox 466 2183 526 2225; x_wconf 83' lang='lat' dir='ltr'>Ea</span> <span class='ocrx_word' id='word_1_287' title='bbox 558 2197 653 2224; x_wconf 88' lang='lat' dir='ltr'>vero</span> <span class='ocrx_word' id='word_1_288' title='bbox 684 2185 746 2225; x_wconf 81' lang='lat' dir='ltr'>via</span> <span class='ocrx_word' id='word_1_289' title='bbox 776 2183 869 2224; x_wconf 78' lang='lat' dir='ltr'>satis</span> <span class='ocrx_word' id='word_1_290' title='bbox 898 2181 1062 2226; x_wconf 78' lang='lat' dir='ltr'>celebris</span> <span class='ocrx_word' id='word_1_291' title='bbox 1114 2184 1191 2225; x_wconf 86' lang='lat' dir='ltr'>fuit</span> <span class='ocrx_word' id='word_1_292' title='bbox 1236 2183 1288 2224; x_wconf 88' lang='lat' dir='ltr'>ob</span> <span class='ocrx_word' id='word_1_293' title='bbox 1339 2181 1550 2225; x_wconf 63' lang='lat' dir='ltr'>assiduum</span> 
     </span>
     <span class='ocr_line' id='line_1_37' title="bbox 159 2239 1553 2302; baseline 0.003 -22"><span class='ocrx_word' id='word_1_294' title='bbox 159 2254 352 2282; x_wconf 86' lang='lat' dir='ltr'>curruum</span> <span class='ocrx_word' id='word_1_295' title='bbox 385 2251 601 2283; x_wconf 82' lang='lat' dir='ltr'>transitum</span> <span class='ocrx_word' id='word_1_296' title='bbox 627 2272 638 2293; x_wconf 92' lang='lat'>,</span> <span class='ocrx_word' id='word_1_297' title='bbox 669 2251 709 2283; x_wconf 85' lang='lat' dir='ltr'>et</span> <span class='ocrx_word' id='word_1_298' title='bbox 737 2240 902 2287; x_wconf 72' lang='lat' dir='ltr'>illorum</span> <span class='ocrx_word' id='word_1_299' title='bbox 933 2243 1003 2302; x_wconf 86' lang='lat' dir='ltr'>qui</span> <span class='ocrx_word' id='word_1_300' title='bbox 1020 2242 1198 2302; x_wconf 81' lang='lat' dir='ltr'>pedestri</span> <span class='ocrx_word' id='word_1_301' title='bbox 1230 2241 1342 2295; x_wconf 68' lang='lat' dir='ltr'>ibant</span> <span class='ocrx_word' id='word_1_302' title='bbox 1373 2239 1553 2298; x_wconf 65' lang='lat' dir='ltr'>itinere,¹</span> 
     </span>
     <span class='ocr_line' id='line_1_38' title="bbox 157 2297 854 2358; baseline 0.006 -17"><span class='ocrx_word' id='word_1_303' title='bbox 157 2297 424 2358; x_wconf 66' lang='lat' dir='ltr'>redibantque</span> <span class='ocrx_word' id='word_1_304' title='bbox 445 2300 487 2344; x_wconf 78' lang='lat' dir='ltr'>in</span> <span class='ocrx_word' id='word_1_305' title='bbox 517 2300 670 2355; x_wconf 58' lang='lat' dir='ltr'>,vicinas</span> <span class='ocrx_word' id='word_1_306' title='bbox 718 2299 854 2345; x_wconf 64' lang='lat' dir='ltr'>urbes,</span> 
     </span>
    </p>
   </div>
  </div>
 </body>
</html>
