1920 2579
342 212 385 237 re
404 223 416 242 ‚
455 198 503 232 et
531 188 663 247 aquae
694 192 832 232 dulces
857 187 1044 246 prosilire
1091 189 1192 232 uisae
1213 190 1351 242 fuere.
1408 191 1505 234 III.
1557 196 1714 237 tandem
1743 208 1751 214 ”

339 252 439 295 Kal.
478 264 649 304 magnus
678 259 811 291 terrae
842 258 1000 291 tractus
1021 279 1033 300 ‚
1071 255 1139 304 qui
1172 254 1277 291 inter
1327 252 1479 292 radices
1531 259 1676 294 montis
1697 284 1712 305 ,

337 326 454 366 quem
488 307 717 349 Barbarum
755 310 917 350 accolae
940 307 1142 364 appellant
1164 338 1176 356 ,
1211 317 1251 350 et
1282 323 1393 350 mare
1432 314 1557 352 iuxta
1602 313 1725 353 Aver-

336 385 426 411 num
460 371 594 416 iacet,
645 381 808 421 seseque
842 370 996 422 erigere
1032 368 1260 416 videbatur,
1309 376 1348 409 et
1396 369 1539 409 montis
1586 371 1717 411 subito

346 427 538 469 nascentis
561 428 743 482 figuram
775 429 932 466 imitari.
973 422 1045 463 Eo
1080 430 1168 480 ipso
1207 427 1269 466 die
1301 426 1401 467 hora
1438 433 1562 468 noctis
1581 444 1718 468 secun-

348 486 404 525 da
432 493 562 525 terrae
586 485 804 533 tumultuS,
839 491 980 538 aperto
1013 484 1132 525 veluti
1182 498 1249 524 ore
1268 515 1279 534 ‚
1319 496 1465 540 magno
1502 501 1590 526 cum
1638 487 1729 541 fre-

348 548 448 585 mitu
465 573 480 592 ,
513 558 677 600 magnos
708 546 819 596 ignes
853 545 1018 582 evomuit
1041 571 1053 590 ,
1082 540 1337 597 pumicesque
1356 572 1367 593 ,
1394 552 1433 584 et
1468 544 1643 599 lapides,
1673 549 1728 585 ci-

345 607 523 655 nerisque
548 599 663 656 soedi
696 609 853 642 tantam
889 603 1042 654 copiam
1065 631 1075 649 ‚
1111 609 1155 640 ut
1183 615 1284 653 quae
1321 602 1457 642 adhuc
1497 604 1689 643 extabant
1713 633 1725 654 ‚

341 661 607 703 Puteolorum
636 659 821 711 aedificia
849 658 1104 714 apparuerit,
1137 658 1277 698 herbas
1305 672 1438 699 omnes
1479 661 1641 714 texerit,
1661 677 1726 701 ar-

342 722 452 760 bores
479 717 656 773 fregerit
682 746 694 765 ,
721 715 1045 771 pendentemque
1077 717 1311 756 vindemiam
1345 719 1398 758 ad
1433 716 1484 759 V
1479 720 1510 757 I.
1534 734 1654 772 usque
1672 721 1729 758 la-

337 779 472 834 pidem
510 779 549 815 in
597 779 742 816 cineres
773 777 958 827 verterit,
1000 789 1087 814 aves
1136 789 1291 829 quoque
1310 808 1324 827 ,
1368 786 1408 818 et
1458 778 1729 833 quadrupedes

343 834 490 877 bestias
525 837 767 874 interemerit
786 848 794 872 ε
821 833 1075 887 fugientibus
1087 848 1162 887 per
1183 834 1362 876 tenebras
1378 835 1618 876 Puteolanis
1636 849 1730 875 cum

344 899 448 936 natis
471 923 481 943 7
512 900 550 932 et
581 893 767 932 uxoribus
791 922 803 939 ‚
841 899 880 932 et
906 905 1052 945 magno
1082 891 1235 945 gemitu
1255 923 1267 941 ‚
1309 894 1540 948 eiulatuque
1563 891 1735 947 Neapo-

346 955 416 994 lim
453 966 535 991 sese
560 951 865 1005 suscipientibus.
906 949 991 1004 Qui
1014 950 1175 1004 quidem
1208 954 1301 993 cinis
1333 955 1385 994 ad
1423 951 1505 992 LX.
1528 951 1626 1006 fere
1638 967 1732 1005 pas-

345 1026 456 1052 suum
490 1010 614 1049 millia
647 1007 918 1049 exhalationis
951 1011 985 1047 vi
1015 1011 1223 1062 proiectus
1254 1018 1312 1050 est
1338 1027 1347 1050 :
1382 1019 1506 1067 atque
1537 1010 1640 1064 quod
1660 1011 1730 1049 mi·

348 1086 435 1112 rum
460 1069 583 1108 videri
610 1075 748 1121 potest
768 1096 779 1113 ,
807 1081 935 1120 prope
974 1070 1201 1119 voraginem
1232 1071 1382 1108 siccus:
1418 1071 1537 1121 longe
1569 1083 1656 1108 vero
1675 1068 1734 1106 lu-

347 1137 483 1176 tosus,
531 1132 571 1165 et
615 1123 799 1165 humidus
835 1125 992 1165 cecidit.
1023 1122 1177 1166 Verum
1210 1128 1316 1180 quod
1368 1141 1524 1168 omnem
1575 1132 1742 1187 superat

347 1187 656 1228 admirationem
677 1213 689 1231 ‚
726 1197 834 1222 mons
867 1186 1016 1223 circum
1047 1197 1136 1224 eam
1171 1189 1398 1239 voraginem
1434 1201 1485 1226 ex
1497 1183 1738 1239 pumicibus,

350 1254 391 1287 et
425 1243 560 1285 cinere
580 1242 794 1296 plusquam
832 1241 940 1282 mille
984 1255 1171 1293 passuum
1222 1244 1477 1285 altitudinem
1517 1242 1602 1283 ea'
1625 1251 1742 1282 nocte

351 1309 565 1356 congestus
592 1298 821 1355 adspicitur.
860 1298 916 1339 In
948 1312 1025 1352 quo
1057 1301 1183 1341 multa
1214 1304 1370 1344 inerant
1400 1305 1669 1356 spiramenta,
1696 1314 1745 1339 ex

352 1361 493 1418 quibus
529 1361 605 1399 duo
639 1373 743 1399 nunc
772 1365 1003 1413 supersunt:
1037 1361 1212 1400 alterum
1245 1362 1358 1401 iuxta
1390 1362 1499 1408 litus,
1532 1358 1634 1413 quod
1646 1371 1739 1413 pr)-

355 1422 505 1462 currit:
540 1416 707 1457 alterum
739 1419 778 1456 in
811 1420 894 1471 ipso
923 1419 1069 1456 montis
1101 1418 1243 1458 medio.
1285 1418 1438 1459 Averni
1468 1431 1617 1471 magna
1645 1431 1745 1470 pars

355 1485 494 1534 operta
524 1479 682 1524 cinere,
717 1475 856 1515 balnea
890 1473 960 1515 illa
992 1483 1052 1515 tot
1086 1475 1250 1515 saeculis
1287 1478 1487 1517 celebrata
1512 1506 1523 1525 ‚
1553 1475 1742 1530 quaeque

358 1546 417 1579 tot
449 1534 581 1589 aegris
612 1534 781 1574 salutem
810 1533 1075 1588 praestabant
1095 1563 1106 1581 ,
1145 1537 1276 1574 cinere
1312 1536 1469 1589 sepulta
1488 1534 1635 1574 iacent.
1656 1532 1749 1572 Du-

361 1604 425 1638 rat
462 1602 500 1633 et
541 1595 617 1632 hoc
652 1593 877 1632 incendium
907 1592 959 1630 ad
996 1590 1096 1630 lianc
1133 1604 1253 1642 usque
1284 1592 1418 1640 diem,
1467 1606 1555 1631 cum
1606 1590 1749 1638 aliqua

361 1664 492 1696 tamen
526 1650 861 1704 interpolatione:
895 1652 1005 1689 cuius
1043 1663 1119 1703 ego
1150 1662 1271 1702 mox,
1298 1651 1403 1705 quod
1416 1648 1622 1705 pollicitus
1640 1662 1747 1696 sum,

365 1724 506 1753 causas
542 1717 702 1749 naturae
735 1710 1002 1748 convenientes
1043 1708 1241 1762 explicare
1280 1709 1456 1749 tentabo.
1497 1708 1591 1747 Huc
1625 1719 1754 1760 usque

363 1767 550 1811 laudatus
581 1775 750 1806 auctor:
786 1766 826 1805 in
857 1764 978 1804 altera
1012 1778 1108 1805 vero
1155 1765 1346 1819 epistolae
1394 1775 1508 1820 parte
1553 1773 1747 1804 motuum

367 1839 498 1869 terrae
529 1838 667 1865 causas
699 1823 864 1881 physice
896 1822 1100 1877 explanat.
1133 1824 1298 1864 Praeter
1329 1824 1440 1864 hunc
1472 1823 1708 1878 sctiptorem
1734 1851 1747 1869 ‚

369 1886 442 1943 qui
474 1881 624 1924 Montis
652 1882 762 1925 Novi
794 1880 1150 1935 conflagrationem
1186 1880 1429 1938 descripsit,
1466 1881 1578 1922 adest
1624 1880 1756 1932 Capa-

384 1945 498 1995 cius,
534 1940 723 1995 Dialoghi
758 1940 822 1981 del
856 1939 1081 1980 Forestiere
1104 1975 1116 1993 ‚
1152 1940 1337 1982 Leander
1370 1939 1564 1981 Albertus
1596 1939 1637 1978 in
1674 1935 1764 1976 Ital.

387 2001 600 2056 descript,
631 1997 913 2040 Summontius
946 1998 1050 2038 Hist.
1086 1998 1213 2054 Regni
1247 1998 1411 2057 Neapol.
1441 1998 1589 2054 aliique
1621 2026 1634 2047 ‚
1685 1994 1760 2050 qui

387 2061 492 2101 hanc
527 2068 780 2100 enarrarunt.

507 2115 591 2156 Sub
623 2129 669 2156 eo
701 2126 840 2157 monte
862 2147 872 2167 ‚
906 2114 944 2155 dt
978 2129 1060 2156 non
1090 2115 1210 2169 longe
1247 2132 1266 2157 a
1318 2114 1499 2156 Lucrino
1545 2115 1636 2154 lacu
1688 2109 1767 2151 fuit

390 2174 489 2218 olim
526 2174 635 2215 vicus
666 2174 998 2229 Tripergularum
1031 2174 1125 2215 satis
1156 2173 1361 2216 habitatus
1382 2204 1395 2223 ‚
1426 2173 1466 2212 in
1514 2185 1597 2227 quo
1649 2168 1772 2209 Caro-

393 2234 455 2275 lus
485 2232 534 2274 ΙΙ.
566 2231 790 2281 Ξενοδοχεῖον
824 2232 947 2275 erexit
987 2233 1202 2291 amplum,
1234 2231 1345 2289 quod
1378 2230 1520 2273 eodem
1565 2242 1670 2270 anno
1717 2226 1773 2267 ob
