1920 2579
149 267 239 299 tum
270 267 362 314 post
394 258 549 299 XVIII.
584 255 774 297 milliaria
820 253 1099 309 perveniebat.
1148 255 1292 297 Strabo
1337 255 1406 296 lib.
1428 199 1514 296 chi.

151 317 301 371 Geogr.
338 316 508 358 eandem
556 315 749 356 Latinam
799 313 908 356 viam
941 314 1255 355 nobzlissimam
1303 315 1516 370 appellat3

151 384 310 430 prostat
341 374 473 416 adhuc
508 375 723 430 antiquum
752 388 952 422 marmor,
990 372 1031 413 111
1064 387 1145 428 quo
1178 371 1350 415 huiusce
1374 387 1521 415 occur·

114 481 117 483 ¹
152 433 205 473 rit
237 443 348 474 ment
353 433 406 474 io.
440 432 585 475 Cicero
619 432 734 472 Orat.
792 446 866 486 pro
900 431 1062 473 Cluent.
1097 447 1132 473 c.
1173 432 1231 485 59
1271 431 1444 473 eandem
1481 446 1521 471 e

153 491 253 531 tiam
291 500 523 544 memorat,
554 500 594 531 et
628 489 768 532 Livius
802 489 875 532 lib,
917 489 992 531 IX.
1022 505 1058 531 c.
1091 494 1157 541 39.
1193 489 1412 531 Suetonius
1453 504 1522 531 ve-

155 563 201 589 ro
233 549 524 590 Domitianum
566 549 857 604 Imperatorem
877 578 890 598 ,
941 555 1161 604 postquam
1192 548 1267 589 fuit
1316 556 1485 589 necatus
1510 577 1522 595 ,

155 608 267 649 iuxta
298 608 485 649 Latinam
524 607 636 649 viam
666 607 790 648 fuisse
820 606 1029 663 sepultum
1067 615 1216 650 narrat
1250 607 1291 647 in
1329 607 1414 647 eius
1447 605 1522 646 Vi-

153 673 196 707 ta
227 682 261 708 c.
309 681 370 717 ¹7·

270 724 334 764 Ex
367 738 415 765 eo
447 739 542 766 vero
577 723 743 765 Latinae
780 723 869 765 viae
899 738 1052 773 ramo,
1083 723 1152 781 qui
1188 725 1380 765 Teanum
1414 720 1521 786 apud

157 784 357 824 viatorem
391 781 668 839 perducebat,
715 784 861 822 eodem
901 782 1071 833 itinere,
1118 791 1311 838 rectoque
1360 781 1522 822 tramite

159 850 251 897 post
281 840 396 897 plura
427 840 557 882 millia
596 855 786 897 passuum
836 838 886 881 ad
935 839 1064 882 Alifas
1111 839 1307 882 adibatur.
1356 841 1519 879 Praeter

159 899 375 940 existentes
409 899 559 956 passim
600 913 735 941 rumas
768 907 876 940 extat
908 899 1032 942 etiam
1063 898 1105 939 in
1153 896 1350 940 Antonini
1398 896 1514 938 111113

157 957 265 998 13110
297 972 521 1000 memoria:

498 1073 746 1116 TEANUM
780 1074 823 1114 M
856 1106 866 1117 .
901 1076 932 1114 P
967 1104 975 1113 .
1007 1073 1154 1115 XVIII
1187 1107 1196 1115 .

535 1132 735 1173 ALlFAS
771 1135 813 1172 Μ
847 1163 856 1171 .
890 1134 921 1172 Ρ
955 1163 963 1172 .
999 1131 1122 1171 XVII
1155 1163 1165 1173 .

509 1189 789 1231 TELEsIAM
820 1193 865 1232 Μ
898 1221 906 1229 .
942 1190 973 1230 Ρ
1005 1220 1013 1229 .
1046 1189 1131 1230 XV
1164 1223 1171 1230 .

434 1247 839 1290 BENEVENTUM
872 1251 917 1290 M
951 1280 960 1290 .
993 1250 1025 1289 P
1057 1278 1068 1289 .
1108 1247 1255 1291 XVIII

272 1365 464 1406 Latinam
492 1378 588 1407 vero
621 1362 730 1406 viam
751 1379 823 1420 per
856 1365 987 1406 Alifas
1019 1365 1211 1407 transisse
1246 1364 1525 1408 certissimum

157 1434 230 1467 est.
264 1425 432 1465 Praeter
463 1422 636 1464 citatum
668 1423 868 1463 Antonini
904 1421 1188 1479 Odeporicum
1210 1455 1222 1473 ‚
1256 1424 1322 1465 CI.
1357 1423 1524 1474 Trutta,

161 1481 326 1524 Antich.
365 1480 398 1521 d'
419 1481 543 1530 Alite,
574 1479 744 1522 Dissert.
783 1480 936 1522 XVIII.
974 1496 1067 1538 pag.
1105 1483 1215 1534 245:
1258 1483 1317 1524 sic
1354 1478 1526 1522 eandem

162 1539 384 1583 describit:
418 1538 683 1596 Segnitamlo
714 1539 876 1579 incanto
913 1541 946 1580 il
977 1540 1148 1581 camino
1177 1555 1261 1596 per
1293 1548 1440 1597 questo
1458 1552 1528 1578 ra-

162 1614 232 1638 mo
266 1598 377 1638 della
408 1602 480 1637 via
477 1569 553 1636 I
557 1606 702 1646 cztma
741 1599 782 1637 le
813 1598 921 1638 selei
965 1597 1081 1638 della
1133 1557 1273 1639 stgssa
1311 1597 1522 1639 vedremo

162 1657 276 1696 delle
308 1654 455 1713 quali.
462 1670 516 1694 ne
552 1664 726 1695 restano
760 1670 928 1696 ancora
961 1657 1111 1696 dentro
1145 1657 1185 1697 d'
1210 1656 1350 1709 Alzfe,
1383 1670 1522 1708 epre-

162 1723 392 1755 czsamente
425 1714 499 1753 ccll’
518 1722 650 1754 usczta
674 1711 791 1754 della
819 1724 944 1769 porta
981 1714 1323 1764 Beneventano,
1347 1712 1530 1754 oradet-

165 1785 206 1811 za
241 1771 315 1811 del
342 1771 517 1821 Ponte,
551 1787 574 1811 e
624 1771 794 1812 tirando
853 1772 975 1813 drino
1031 1788 1059 1812 a
1105 1774 1309 1814 scirocco
1354 1786 1435 1826 per
1487 1772 1531 1810 lo

163 1838 381 1870 nomznato
413 1831 540 1885 luogo
570 1828 617 1870 di
646 1832 685 1870 S.
722 1830 935 1880 Szmeone,
974 1835 1093 1887 quasi
1126 1846 1153 1871 a
1188 1832 1280 1871 riva
1318 1830 1392 1870 del
1416 1828 1525 1869 Vol-

167 1899 312 1938 imvm,
363 1892 403 1929 si
431 1901 570 1942 passa
600 1901 627 1927 a
661 1896 850 1929 traverso
883 1888 1002 1928 della
1030 1889 1146 1928 selva
1200 1890 1386 1940 Alifana
1407 1918 1417 1936 ‚
1472 1887 1523 1926 ed

165 1947 243 1988 all'
263 1949 403 1986 uscire
436 1945 481 1986 di
517 1959 615 1985 essa
639 1976 651 1995 ,
690 1946 722 1986 il
755 1948 894 1987 diruto
945 1947 1124 1987 castello
1167 1947 1213 1988 «li
1269 1946 1470 1988 Merione
1502 1961 1531 1985 a

164 2004 309 2045 desim
347 2003 607 2053 lasciando,
643 2006 722 2057 pel
750 2005 894 2057 jbzcclo
942 2004 989 2044 di
1018 2005 1158 2045 Plano
1201 2005 1343 2055 Lisci,
1390 2018 1414 2042 e
1443 2019 1528 2057 per

162 2064 206 2103 la
251 2067 385 2102 Torre
423 2062 469 2102 cli
496 2062 695 2115 flffarqfi,
738 2065 817 2104 che
850 2062 872 2102 e'
908 2077 965 2102 zm
999 2070 1142 2104 antico
1194 2063 1387 2104 bascione
1425 2073 1527 2118 qna-

163 2120 285 2160 drato
305 2151 317 2169 ,
354 2135 378 2160 e
404 2134 487 2174 per
503 2121 546 2160 lo
566 2121 775 2178 villaggio
792 2122 837 2162 di
865 2120 1142 2178 Paglianello
1160 2122 1201 2163 .ςί
1218 2122 1338 2163 viene
1358 2120 1430 2160 (1ίῖ
1450 2136 1527 2161 αη-

167 2178 252 2219 tica
291 2179 454 2220 Yelese.

281 2236 451 2280 Constat
501 2252 599 2280 vero
636 2269 652 2289 ,
693 2238 874 2295 Appiam
901 2238 1015 2282 viam
1064 2254 1162 2282 cum
1204 2237 1253 2279 ad
1294 2237 1528 2279 Sinuessam

164 2295 468 2349 perveniebat,
518 2311 590 2353 per
639 2296 869 2339 Casilinum
903 2328 917 2348 ,
974 2307 1014 2340 et
1063 2296 1156 2340 inde
1206 2295 1394 2353 Capuam
1437 2310 1528 2352 per-

164 2361 356 2409 gentem,
388 2354 490 2398 aliae
525 2355 613 2399 viae
627 2369 787 2398 ramum
806 2355 1017 2414 reliquisse
1036 2390 1048 2408 ‚
1070 2356 1140 2414 qui
1177 2356 1368 2398 Puteolos
1402 2368 1529 2410 usque

1027 2449 1053 2468 2⁶
