1920 2579
1407 156 1425 184 ι
1464 145 1488 186 5

121 203 188 245 hic
218 201 396 245 zenonis
426 197 592 243 orientis
611 197 873 255 Imperatoris
905 199 1074 241 hortatu
1094 198 1134 240 in
1157 198 1313 242 Italiam
1334 160 1501 243 descgn-

123 261 183 303 dit
203 293 215 312 ,
248 260 318 302 ubi
353 259 611 302 Odovacrem
643 257 804 312 gemino
835 259 930 298 vicit
962 259 1114 313 praelio
1147 259 1258 300 haud
1284 259 1500 316 proculab

123 321 278 362 Isontio
310 318 481 360 flumine
501 349 516 368 ,
553 327 594 357 et
629 319 807 358 Verona.
826 317 967 357 Tertio
998 331 1096 358 vero
1116 318 1265 372 praelio
1283 319 1391 375 apud
1412 319 1502 359 Du-

120 393 212 420 cam
243 391 404 418 amnem
436 375 584 430 triplici
616 374 788 415 victoria
809 404 822 424 ‚
871 374 1039 416 tertium
1093 387 1328 431 superatum
1350 409 1361 430 ,
1405 391 1502 418 cum

126 437 310 479 hostium
342 433 519 489 reliquiis
568 435 805 474 Ravennam
836 430 1073 488 fugiendum
1097 433 1223 489 coegit
1243 450 1256 473 .·
1275 450 1398 492 quam
1421 445 1498 475 ter·

123 495 229 536 tium
263 502 354 550 post
385 506 539 532 annum
571 490 781 532 obsidione
811 490 984 531 cinctam
1024 493 1252 546 occupavit.
1288 494 1352 535 Eo
1399 504 1503 535 tem-

124 568 223 610 pore
254 567 349 592 cum
382 548 596 592 Odovacre
634 547 915 590 Theudoricus
933 564 1071 604 pacem
1092 550 1372 594 fraudulenter
1390 566 1503 593 com·

125 625 310 667 ponens,
354 608 492 664 ipsum
527 607 712 665 hospitali
745 606 974 649 adhibitum
1004 622 1142 648 mensa
1175 608 1391 652 crudeliter
1413 624 1505 651 ene-

125 668 241 710 cavit.
275 668 336 707 lta
379 666 431 707 de
476 666 727 718 Odovacre,
773 666 940 722 eiusque
983 667 1288 708 conclamatum
1337 669 1509 724 Regno,

125 741 314 782 novoque
346 740 417 782 per
450 723 753 766 Theodericum
799 725 1004 779 auspicato
1052 739 1158 766 anno
1209 725 1504 772 CCCCXCIII.

124 785 200 841 ipsi
232 784 356 825 Italici
389 783 516 838 Regni
545 783 624 824 fuit
656 783 833 826 initium.
866 786 927 824 Ex
957 797 1006 824 eo
1038 791 1220 840 tempore
1239 796 1394 828 mutata
1426 788 1506 830 fuit

124 843 263 884 Italiae
302 843 446 884 facies:
482 855 525 883 ea
560 841 667 883 enim
698 855 802 898 quae
835 855 907 897 per
949 851 1012 882 tot
1043 843 1199 883 saecula
1236 855 1385 885 cuncto
1423 856 1505 889 ter-

128 916 267 942 rarum
303 902 400 942 orbe
431 901 561 942 fuerat
593 899 826 953 dominata,
846 899 1121 941 Barbarorum
1153 899 1312 956 legibus
1329 903 1406 944 fuit
1438 921 1506 946 su·
1571 913 1576 917 ”

127 958 269 1000 biecta.
303 961 421 1000 Tunc
452 958 706 1013 magistratus
726 989 737 1009 ‚
770 972 912 1000 mores
932 989 944 1010 ,
977 955 1141 999 habitus
1163 989 1178 1011 ,
1229 969 1268 1000 et
1304 962 1507 1019 quidquid

125 1017 177 1057 ad
212 1019 314 1058 vitae
335 1018 509 1058 formam
529 1027 694 1071 spectat,
726 1016 804 1057 fuit
834 1027 1050 1058 mutatum.
1090 1019 1207 1059 Nova
1244 1032 1408 1074 prorsus
1433 1020 1504 1061 ad-

131 1074 388 1117 ministrandi
420 1074 721 1130 gubernaminis
766 1073 844 1114 fuit
895 1073 1036 1116 forma.
1083 1074 1192 1116 Italis
1243 1080 1297 1117 ita
1353 1093 1504 1121 nomen

132 1144 290 1175 tantum
328 1134 528 1175 relictum.

242 1191 398 1235 XVIII.
428 1191 488 1232 Ita
520 1189 682 1231 firmato
712 1189 998 1232 florentissimo
1031 1205 1106 1246 per
1137 1192 1439 1237 Theodericum
1464 1196 1504 1238 in

125 1249 249 1292 Italia
283 1265 439 1306 regno,
474 1259 633 1290 externa
665 1263 782 1305 saepe
813 1248 916 1290 bella
949 1264 1020 1305 per
1051 1249 1186 1305 ipsum
1221 1251 1334 1294 fuere
1382 1265 1503 1308 gesta.

127 1309 236 1350 Hinc
266 1308 419 1349 bellum
453 1307 714 1363 conflagravit
743 1307 853 1364 apud
871 1307 1099 1359 Dalmatas,
1125 1309 1306 1362 Suevos,
1327 1313 1506 1370 aliosque

132 1366 378 1408 Germaniae
410 1367 583 1422 populos
603 1397 612 1417 ‚
631 1380 733 1421 quos
763 1381 903 1407 omnes
923 1367 963 1407 in
994 1368 1056 1407 sui
1077 1367 1227 1422 redegit
1249 1380 1503 1423 potestatem.

132 1425 343 1466 Praetereo
376 1423 935 1479 Hispanian]‚Galliamque‚
966 1439 1143 1481 quarum
1162 1425 1380 1480 regionum
1413 1443 1506 1484 par·

131 1491 213 1523 tem
245 1497 319 1523 suo
351 1482 496 1523 adiecit
526 1483 678 1536 Regno.
713 1482 825 1523 Dum
857 1482 954 1524 haec
1002 1493 1200 1536 geruntur
1224 1514 1235 1534 ‚
1270 1487 1507 1528 Anastasius

131 1541 307 1581 Orientis
340 1542 564 1596 Imperator
607 1539 913 1581 Theodoricum
959 1542 1109 1595 Regem
1162 1557 1316 1585 novum
1365 1545 1502 1586 Italiae

132 1598 348 1640 dominum
381 1614 494 1653 aegre
525 1598 603 1639 sert
625 1613 633 1637 z
655 1598 746 1637 hinc
776 1613 861 1654 quo
894 1599 1049 1641 iniuriis
1069 1599 1332 1643 ulcisceretur
1349 1604 1399 1644 de
1432 1604 1512 1644 Ita-

131 1657 207 1697 liae
238 1658 486 1708 amissione,
536 1656 698 1696 classem
732 1656 993 1699 fortissimam
1039 1658 1090 1699 ad
1122 1660 1291 1700 Brutias
1327 1676 1414 1702 oras
1445 1660 1510 1702 ad-

135 1716 361 1756 venientem
412 1716 551 1756 mittit.
584 1714 804 1768 Regionem
856 1731 1000 1770 parum
1053 1716 1249 1760 militibus
1308 1721 1510 1762 munitam

136 1773 269 1814 hostes
303 1774 551 1822 inveniunt3
585 1773 676 1813 inde
709 1772 812 1813 facta
844 1773 1070 1831 direptione
1090 1807 1102 1825 ‚
1125 1786 1246 1832 atque
1277 1779 1396 1819 caede
1422 1778 1511 1820 nbi-

135 1847 215 1886 que
247 1831 497 1887 praedonum
531 1832 655 1871 instar
687 1832 727 1871 in
767 1831 936 1885 patriam
990 1845 1184 1875 remeant.
1228 1836 1511 1877 Theodericus

133 1890 296 1931 tandem
332 1906 426 1931 cum
468 1889 518 1930 ad
551 1899 797 1930 senectutem
832 1892 1110 1944 pervenisset,
1147 1892 1256 1935 Italis
1291 1909 1387 1951 pace
1420 1896 1512 1936 data

133 1950 354 2004 Regnoqne
393 1948 556 1989 firmato
589 1948 743 1988 cunctis
778 1946 975 2000 dilectus,
1020 1948 1220 2007 bonoque
1262 1953 1510 2008 populorum

131 2016 248 2046 natus
296 2022 391 2047 cum
430 2005 480 2046 ad
529 2021 683 2046 annum
730 2006 886 2048 XXXI.
935 2006 997 2049 sui
1049 2009 1176 2064 Regni
1229 2011 1510 2066 pervenisset,

131 2074 304 2107 mortem
340 2065 517 2120 oppetiit
546 2079 653 2105 anno
686 2076 777 2118 post
812 2076 950 2106 natum
984 2065 1194 2108 Christum
1234 2070 1428 2111 DXXVI.

248 2123 363 2165 xlx.
398 2123 648 2164 Theodorici
680 2124 808 2164 fatum
827 2123 952 2178 Regni
982 2127 1043 2166 sui
1078 2127 1221 2168 excidii
1251 2128 1329 2168 fuit
1360 2142 1509 2169 causa:

133 2180 268 2221 nullus
302 2182 434 2223 eidem
475 2181 551 2222 fuit
591 2180 729 2231 filius,
763 2183 837 2223 nisi
882 2182 1206 2238 Amalasuntha,
1234 2201 1357 2242 quam
1379 2203 1513 2228 susce·-

133 2240 193 2294 pit
226 2254 272 2280 ex
302 2239 572 2297 Audephelda
608 2240 658 2282 de
688 2240 886 2282 Clodovei
923 2245 1173 2284 Francorum
1213 2244 1328 2298 Regis
1361 2260 1508 2301 germa-

132 2311 197 2339 na.
234 2297 380 2353 Filiam⁴
407 2300 571 2358 optimis
608 2298 822 2344 educatam
853 2299 1078 2360 disciplinis
1113 2316 1222 2348 anno
1241 2304 1378 2347 DXV.
1396 2314 1510 2363 pater
