1920 2579
1426 110 1499 159 πίῃ

145 169 186 211 S.
220 166 413 209 Germani
462 167 625 222 Capuae
655 165 854 208 praesulis
900 165 1077 208 thermas
1127 176 1305 221 ponunt,
1359 168 1516 212 Eadem

149 227 390 278 Thermae,
431 223 493 267 vel
526 225 567 266 S.
609 223 824 266 Germani
857 223 1085 266 Sudatoria
1115 223 1307 275 audivere
1327 225 1440 267 Nota
1458 239 1518 269 est

145 284 336 334 historia,
367 298 490 341 quam
525 292 659 323 narrat
691 281 729 322 S.
750 282 969 336 Gregorius
985 281 1054 325 lib.
1070 284 1126 324 V.
1143 282 1298 339 Dialog.
1318 298 1433 327 num.
1462 300 1513 329 10

147 342 267 382 huius
299 340 487 398 Episcopi
521 339 753 397 Campani,
789 339 861 396 qui
892 350 1004 382 sexto
1038 340 1136 383 vixit
1152 340 1405 383 Christianae
1436 343 1517 384 Ec-

143 400 290 440 clesiae
329 400 499 441 saeculo.
536 397 614 438 Hic
649 397 781 454 prodit
812 411 904 438 eum
939 397 1074 439 adhuc
1097 397 1394 446 adolescentem
1412 401 1516 443 hanc

144 457 354 498 historiam
386 456 583 512 accepisse
615 470 637 496 a
673 454 909 505 maioribus,
934 455 1190 497 Paschasium
1224 472 1373 514 nempe
1404 457 1517 501 Sedis

145 513 401 570 Apostolicae
434 514 663 557 Diaconum
698 513 911 555 hominem
944 523 1129 555 sanctum
1163 513 1251 555 heic
1266 514 1519 558 damnatum.

145 572 254 613 Hinc
286 572 436 614 accidit
470 571 646 613 multum
680 581 771 628 post
802 581 963 627 tempus
998 569 1050 614 ab
1067 570 1150 613 eius
1169 571 1333 623 iato,ut
1354 574 1395 617 S.
1413 573 1520 617 Ger·

149 645 290 672 manus
322 630 489 687 Capuae
525 629 752 686 Episcopus
785 627 1037 677 medicorum
1072 630 1238 671 consilio
1272 630 1521 675 infirmitatis

146 702 262 728 causa
296 690 335 729 in
371 689 494 729 hasce
525 687 732 728 advenerit
761 686 973 729 Thermas.
1008 687 1069 730 Ibi
1108 688 1289 730 eiusdem
1322 689 1525 733 Paschasii

143 747 322 786 animam
357 747 396 787 iu
439 745 641 787 caloribus
672 746 839 787 invenit.
874 745 1107 787 zaccharias
1124 761 1218 787 vero
1238 748 1422 789 Pontifex
1441 749 1526 792 Ro·

145 819 287 845 manus
309 836 321 854 ‚
357 806 428 861 qui
461 804 581 844 VIII.
619 803 751 844 extitit
782 802 981 853 Saeculo,
1033 802 1218 859 Gregorii
1265 805 1456 861 Dialogos
1501 823 1553 857 ev„

141 860 267 902 latino
308 863 347 903 in
397 862 599 903 Graecum
651 871 809 902 vertens
830 891 841 910 ‚
892 858 1114 903 earundem
1170 864 1355 904 meminit
1398 865 1522 908 Ther-

147 920 321 963 marum.
342 921 398 962 At
428 918 801 976 quomodocunque
819 932 859 958 se
890 933 951 959 res
968 918 1108 970 habet,
1135 934 1282 977 nempe
1302 932 1523 965 utrumve-

145 991 186 1017 ra
214 1007 228 1026 ,
256 992 306 1017 an
340 977 435 1018 falsa
470 978 519 1019 sit
550 978 648 1018 haec
678 976 888 1018 historiola
913 1008 926 1027 ‚
964 976 1069 1017 illud
1110 993 1184 1033 pro
1218 990 1328 1020 certo
1374 980 1525 1022 haben·

143 1034 243 1075 dum
265 1066 278 1085 ‚
329 1036 485 1077 easdem
535 1035 703 1075 fabricas
735 1035 933 1077 Thermas
968 1065 981 1084 ,
1016 1036 1077 1075 vel
1110 1034 1323 1078 Sudatoria
1375 1038 1525 1090 fuisse,

144 1107 270 1148 eaque
320 1094 526 1148 quadrata
574 1093 746 1134 extitisse
791 1092 956 1143 forma,
1006 1101 1052 1132 ut
1101 1104 1266 1150 apparet
1313 1110 1358 1136 ex
1403 1111 1527 1154 opere

146 1151 334 1192 lateritio.

263 1210 488 1264 Postquam
523 1208 574 1251 de
602 1209 744 1252 vicinis
788 1210 892 1251 circa
938 1209 1144 1251 Anianum
1193 1219 1379 1266 stagnum
1425 1211 1742 1254 locisvuxmiromm

145 1265 320 1320 diximus
352 1301 365 1318 ,
400 1283 525 1322 pauca
556 1267 606 1309 de
636 1267 814 1311 Vulcani
846 1270 987 1320 Foro,
1028 1283 1095 1308 seu
1141 1268 1404 1324 Sulphuraria
1451 1271 1523 1312 ad-

143 1323 298 1365 demus.
336 1324 434 1365 Non
467 1327 642 1381 amplius
673 1340 798 1381 quam
832 1325 940 1366 mille
986 1340 1126 1381 passus
1178 1325 1229 1367 ab
1278 1327 1356 1369 hoc
1401 1328 1524 1369 distat

145 1381 265 1422 lacu:
305 1381 484 1424 eiusdem
526 1384 655 1424 forma
694 1384 819 1424 ovalis
852 1393 909 1423 est
941 1398 1063 1438 parva
1091 1383 1308 1425 altitudine
1329 1417 1342 1435 ,
1374 1397 1413 1426 et
1445 1387 1522 1427 c‘ir-

141 1452 238 1478 cum
267 1439 449 1480 collibus
481 1441 657 1495 cingitur
679 1472 690 1491 ‚
723 1450 881 1496 praeter
914 1451 1069 1496 partem
1094 1473 1107 1491 ,
1156 1456 1259 1498 quae
1309 1443 1523 1485 meridiem

141 1506 306 1551 spectat.
342 1498 607 1553 Sulphuraria
641 1500 759 1540 etiam
791 1497 943 1539 dicitur
977 1497 1035 1539 ob
1067 1499 1278 1557 sulphuris
1326 1503 1525 1557 quantita·

142 1564 221 1593 tem
243 1585 254 1604 ‚
287 1571 365 1610 qua
405 1556 586 1611 undique
618 1566 755 1598 scatet.
1411 1579 1413 1581 ’

261 1613 456 1668 Capacius
497 1614 605 1655 Hist.
647 1617 775 1670 Neap.
809 1613 880 1656 lib.
913 1613 965 1656 II.
1005 1630 1040 1657 e.
1091 1617 1146 1665 274
1192 1616 1304 1657 hunc
1335 1628 1518 1659 montem

143 1681 284 1710 narrat
306 1702 321 1721 ,
364 1671 647 1715 MCXCVIII.
679 1682 868 1727 regnante
905 1671 1099 1714 Federico
1129 1674 1178 1714 ΙΙ.
1219 1685 1379 1715 tantum
1414 1676 1517 1730 ignis

144 1739 345 1771 eructasse
368 1761 380 1781 ,
416 1740 461 1769 ut
495 1731 612 1771 vicini
643 1734 727 1786 agri
749 1761 763 1780 ,
795 1740 834 1772 et
873 1729 948 1771 vici
981 1731 1213 1786 ingentibus
1246 1732 1403 1774 fuerint
1440 1748 1521 1773 ma-

141 1783 188 1824 lis
224 1788 346 1840 pressi
369 1797 441 1836 ,et
475 1787 653 1829 motibus
694 1798 833 1830 terrae.
854 1788 1039 1843 Regnum
1073 1804 1167 1830 vero
1203 1790 1519 1845 Neapolitanum

143 1840 447 1885 administrante
485 1845 744 1888 Ferdinando
778 1846 984 1898 Aragonio
1022 1855 1176 1887 tantam
1221 1863 1422 1903 aquarum
1469 1848 1519 1889 ef-

140 1900 451 1943 fervescentium
497 1904 659 1959 copiam
712 1902 938 1947 evomuisse
982 1903 1161 1945 Vulcani
1211 1908 1367 1947 Forum
1415 1906 1522 1947 fama

145 1968 231 2009 est,
266 1971 309 2001 nt
339 1960 439 2016 agris
471 1962 712 2019 propinquis
744 1964 904 2003 ruinam
937 1961 1160 2007 attulerint.
1193 1963 1279 2005 Nec
1311 1966 1445 2005 solum
1478 1978 1526 2006 eo

146 2025 328 2072 tempore
358 2020 434 2059 hoc
468 2020 601 2061 evenit
625 2053 636 2074 ‚
669 2035 810 2063 verum
843 2020 963 2063 etiam
1004 2019 1283 2063 Romanorum
1315 2038 1411 2065 aevo
1435 2057 1450 2078 ‚
1477 2032 1523 2063 ut

142 2088 190 2114 ex
221 2077 398 2119 Petronii
431 2078 613 2136 Satyrico
645 2078 811 2135 intelligi
842 2078 1001 2123 videtur
1033 2095 1065 2122 c.
1106 2093 1185 2122 120
1216 2096 1252 2125 v.
1287 2081 1355 2137 67.
