1920 2579
380 189 438 230 tio
472 187 687 230 cuiusdam
720 184 916 227 Demetrii
950 185 1228 228 Bmianorum
1247 182 1391 235 villici,
1411 191 1452 225 et
1471 183 1611 226 asserit
1629 182 1756 226 etiam

378 247 526 289 falsum
560 261 645 287 esse
681 260 882 302 nuperum
914 245 1139 286 Baulorum
1169 243 1297 284 situm
1329 241 1436 283 inter
1467 242 1693 294 Misenum,
1712 251 1755 284 et

378 305 493 346 Baias
514 337 526 353 ‚
561 303 628 345 sed
661 303 782 344 fuisse
815 302 1064 358 probabilius
1097 303 1202 344 inter
1233 300 1372 350 Baias,
1406 308 1445 342 et
1492 301 1720 343 Lucrinum
1742 334 1756 353 ,

377 361 425 405 ad
463 360 570 419 quod
607 358 863 415 probandum
893 360 1114 401 nonnullas
1146 357 1265 400 affert
1296 368 1481 400 veterum
1498 360 1753 415 scriptorum

377 428 652 462 auctoritates.
687 421 746 458 Ex
778 417 925 459 Tacito
959 418 1072 459 enim
1101 417 1249 459 Annal.
1283 416 1353 458 lib.
1387 417 1506 458 XIV.
1543 432 1578 458 c.
1612 424 1639 468 4
1671 420 1755 460 Ne-

374 494 520 521 ronem
552 477 736 527 eruitur,
773 473 871 517 dum
901 476 1008 517 Baiis
1039 485 1160 525 erat,
1192 483 1366 517 matrem
1398 475 1665 531 Agrippinam
1698 474 1757 518 in·

375 540 547 584 vitasse„
582 534 681 576 dum
714 532 846 576 adhuc
877 535 945 575 ille
978 534 1133 575 Romae
1167 543 1254 573 erat
1286 531 1335 573 ad
1385 532 1485 574 festa
1535 533 1752 590 Quinqua-

375 597 450 638 tria
487 593 553 649 (i)
589 593 833 636 celebranda
856 623 866 641 ,
899 599 940 634 et
972 601 1149 632 matrem
1183 606 1230 631 ex
1266 592 1393 631 Antio
1425 591 1543 631 Baias
1577 589 1759 635 advenis·

373 671 446 696 se:
479 653 591 693 Nero
623 652 729 692 enim
765 649 863 690 dum
895 650 1085 691 simulate
1117 649 1244 703 fingite
1269 662 1364 688 earn
1397 647 1597 704 excipere,
1630 659 1671 691 et
1687 652 1758 693 ob·

372 714 482 755 viam
515 713 597 766 ipse
629 709 791 761 factus,
827 724 918 748 eam
951 706 1061 762 apud
1093 706 1243 748 Baulos
1276 705 1460 757 invitat3
1496 705 1756 751 Venientem

372 772 528 812 dehinc
563 772 580 821 (
613 767 669 809 ait
703 768 724 822 )
759 766 911 807 obvius
942 766 985 805 in
1020 767 1163 817 littora
1199 766 1218 819 (
1251 779 1298 804 ex
1329 763 1455 805 Antio
1489 764 1601 805 enlm
1636 765 1759 811 adve-

374 829 512 871 niebat
545 833 561 879 )
596 825 772 880 excepit
805 839 964 874 mame,
1000 824 1197 879 ducitque
1224 824 1407 863 Baulos:
1429 821 1478 861 id
1506 823 1644 863 villae
1688 840 1761 867 710-

372 902 471 928 men
506 896 598 935 est,
629 898 741 940 qnae
770 883 1118 936 promontorium
1157 883 1383 924 Misenum
1429 881 1576 931 inter,
1612 890 1653 921 et
1673 883 1758 924 Ba-

371 947 520 987 ianum
556 945 702 983 lacum
716 941 851 995 flexo
885 941 1002 982 ‘mari
1033 940 1234 981 adluitur.
1275 938 1359 980 Vbi
1378 937 1469 981 vide
1497 954 1650 994 quaeso
1669 942 1757 984 eius

372 1006 495 1045 situm
528 1004 633 1043 inter
669 1000 906 1049 Misenum,
939 1009 979 1041 et
1009 998 1147 1041 lacum
1177 999 1408 1041 Baianum:
1443 994 1642 1039 hic'vero
1695 1001 1758 1042 la·

372 1078 441 1104 cus
473 1062 652 1102 Baianus
685 1057 789 1098 nihil
821 1057 934 1098 aliud
968 1066 1052 1107 est,
1087 1072 1212 1114 quam
1245 1057 1455 1098 Lucrinus
1491 1056 1604 1097 lacus
1629 1088 1641 1106 ,
1685 1058 1756 1100 sed

371 1137 391 1160 a
422 1119 590 1161 Cluerio
624 1120 718 1159 loco
750 1115 875 1157 citato
907 1115 1152 1171 intelligitur
1184 1116 1298 1158 lacus
1329 1113 1523 1171 antiquus
1555 1114 1662 1156 Baiis
1699 1117 1760 1159 vi-

372 1179 489 1222 cinus
523 1178 622 1218 olim
656 1175 828 1216 existens
850 1204 861 1225 ‚
902 1183 942 1216 et
989 1172 1212 1215 hodiedum
1264 1173 1426 1229 penitus
1481 1171 1755 1227 deperditus:

371 1235 481 1295 quod
514 1234 680 1292 quidem
711 1232 862 1273 falsum
893 1232 1064 1273 omnino
1097 1241 1171 1274 est.
1204 1230 1373 1274 Adhaec
1410 1230 1679 1286 Tranquillus
1712 1233 1754 1274 in

370 1299 535 1339 Nerone
569 1310 603 1335 c.
638 1293 692 1343 34
726 1291 837 1333 necis
869 1290 1125 1347 Agrippinae
1157 1288 1330 1331 modum
1364 1288 1413 1329 ab
1447 1288 1536 1344 ipso
1570 1287 1658 1330 filio
1707 1289 1760 1331 si-

370 1354 493 1397 cariis
526 1353 759 1393 iniunctum
791 1348 850 1391 sic
881 1348 1036 1390 tradit:
1071 1348 1173 1391 haec
1205 1345 1423 1404 biographi
1458 1348 1681 1388 auctoritas
1703 1348 1757 1390 ad

373 1412 599 1454 Baulorum
629 1408 756 1449 situm
788 1407 958 1449 inservit
989 1407 1139 1447 melius
1170 1403 1499 1461 agnoscendum3
1536 1409 1676 1462 Atque
1699 1413 1757 1447 cta

377 1468 736 1512 reconciliatione
773 1466 1008 1514 simulata,
1042 1462 1370 1506 iucundis-rimis
1429 1463 1563 1504 literis
1621 1463 1757 1504 Baias

378 1532 585 1570 evocavit
603 1525 664 1566 ad
690 1523 908 1564 solemnia
948 1523 1282 1580 Quinquatrium
1311 1522 1438 1562 simul
1470 1521 1752 1561 celebranda:

379 1587 568 1644 datoque
602 1582 773 1639 negotio
807 1580 1058 1622 trierarchis
1077 1613 1092 1631 ,
1131 1581 1209 1636 qui
1243 1580 1506 1620 liburnicam
1529 1608 1543 1628 ,
1571 1593 1658 1635 qua
1677 1579 1753 1619 ad-

381 1654 502 1687 vecta
534 1652 655 1691 erat,
697 1641 807 1681 velut
830 1640 1014 1690 fortuito
1049 1644 1265 1679 concursu
1289 1636 1632 1691 confringerent,
1649 1652 1754 1690 pro-

382 1703 518 1744 traxit
549 1698 814 1741 convivium.
842 1697 1152 1753 Repetentique
1187 1696 1451 1753 Agrippina.
1474 1695 1637 1735 Baulos
1656 1725 1666 1745 ‚
1709 1696 1753 1734 in

386 1762 533 1802 Iocum
556 1760 745 1811 corrupti
761 1756 943 1811 navigii,
961 1754 1264 1796 machinosum
1282 1751 1393 1794 illud
1410 1752 1569 1792 obtulit.
1611 1752 1758 1809 Agrip·

387 1819 484 1877 pina
514 1818 640 1874 igitur
673 1830 695 1856 a
725 1812 833 1854 Baiis
864 1815 1014 1856 Baulos
1046 1821 1236 1869 petente,
1269 1811 1311 1853 in
1342 1810 1486 1851 itinere
1505 1811 1617 1853 navis
1637 1809 1754 1851 dehi-

384 1879 473 1921 acit.
508 1875 675 1918 Tacitus
705 1885 802 1914 vero
833 1873 986 1915 Annal.
1017 1871 1087 1914 lib.
1120 1872 1233 1913 XlV.
1265 1886 1302 1914 e.
1335 1869 1358 1910 5
1407 1866 1594 1926 adiungit
1649 1867 1758 1912 hanc

483 2084 542 2132 (1)
571 2083 812 2131 Quinquatria
840 2093 857 2115 a
886 2078 1032 2114 Graecis
1057 2077 1316 2116 Παναὲῐηναῖατ
1347 2076 1370 2110 ii
1416 2073 1492 2110 ludi
1536 2073 1670 2109 fiebant
1718 2075 1754 2110 in

385 2135 490 2171 Circo
520 2134 768 2168 inMinerrvae
795 2130 968 2165 honorem
996 2140 1013 2162 a
1041 2128 1133 2163 lovis
1160 2129 1274 2175 capite
1304 2131 1518 2174 prognatae.
1549 2122 1649 2158 qu‘ta
1665 2123 1760 2159 Var-

388 2196 512 2219 ronem
541 2184 583 2218 L.
610 2183 651 2218 L.
677 2182 742 2218 lib.
771 2181 816 2216 ΙΙ.
843 2179 880 2214 hi
907 2178 985 2214 dies
1011 2185 1111 2213 erant
1137 2186 1216 2225 post
1244 2176 1339 2211 diem
1369 2172 1414 2209 V.
1439 2171 1528 2207 Idus
1555 2173 1660 2208 Mart.
1692 2173 1757 2209 Al-

387 2242 464 2269 tera
505 2232 750 2282 Quinquatria
786 2230 920 2265 fiebant
947 2238 1068 2265 mense
1094 2228 1200 2263 Iulio:
1226 2227 1263 2262 in
1292 2225 1335 2261 iis
1361 2225 1470 2259 etiam
1496 2221 1759 2271 gladiatorum,

386 2291 423 2319 et
449 2282 617 2333 pugilum
645 2280 724 2318 ludi
752 2279 968 2317 edebantur.
