1920 2579
120 1417 217 1444 Sero'hs
235 1416 333 1443 Charo-

192 1463 248 1480 nea.

341 124 398 167 40

344 175 436 215 bus.
470 172 599 215 Prout
633 186 728 216 vero
760 171 868 214 idem
902 182 1074 226 narrat,
1113 175 1221 218 lacus
1253 177 1320 217 hic
1355 177 1552 228 emersit,
1587 187 1625 220 et
1673 190 1736 222 exi

342 233 516 275 surrexit
548 234 709 287 saeculo
741 233 803 274 Xt
835 248 856 274 e
887 232 1135 289 quotidianis
1167 237 1389 292 proqinqui
1423 235 1599 278 Vulcani
1653 238 1734 282 Fo-

342 292 377 332 ri
430 291 655 347 dispendiis
675 323 690 342 ,
749 302 788 332 et
836 306 882 332 ex
932 292 1059 333 ruinis
1105 293 1237 335 Castri
1269 293 1501 336 Lucullani.
1555 296 1658 337 Heie
1691 314 1730 340 e-

340 349 429 392 nim
471 350 677 399 Lucullus
728 349 745 406 (
779 359 825 390 ut
856 350 1025 407 quidam
1058 350 1158 393 falso
1189 352 1373 394 scribunt
1405 353 1425 409 )
1479 353 1616 396 villam
1664 356 1731 397 ha-

340 407 465 450 buit:
499 408 644 451 videsis
693 409 746 450 ad
776 409 883 450 hanc
915 425 1002 451 rem
1024 444 1039 465 ‚
1085 427 1190 468 quae
1239 411 1422 453 dicemus
1455 412 1643 454 Diatriba
1676 413 1730 456 II.

340 468 383 507 iu
416 466 510 507 fine,
540 467 780 509 Hodiedum
810 469 921 510 lacus
953 468 1018 509 hic
1050 479 1175 511 scatet
1196 470 1440 512 volucribus
1463 502 1477 520 ,
1512 470 1728 526 reptilibus

340 526 547 567 venenatis
568 557 583 580 ‚
613 537 655 568 'et
687 527 922 583 praesertim
955 527 1103 578 salicis,
1137 529 1323 584 quamvis
1357 545 1424 571 aer
1457 528 1727 572 circumstans

341 586 540 640 pessimus
564 618 576 636 ,
607 595 647 627 et
679 586 924 643 mephiticus
954 585 1036 638 sit3
1071 586 1167 626 hinc
1198 585 1381 640 accolae,
1402 587 1644 643 incolaeque
1665 590 1726 630 lo·-

341 658 388 683 ca
421 643 570 685 isthaec
601 645 774 686 maxime
804 644 1026 699 effugiunt.
1053 645 1206 699 AEstate
1259 656 1511 686 maturatum
1560 646 1652 688 linis
1702 662 1723 689 e

337 702 481 742 vicinis
503 733 516 751 ‚
549 702 779 760 dissitisque
809 703 910 744 locis
940 701 1163 744 adveniunt
1197 704 1348 744 rustici.
1406 703 1560 744 Forma
1608 706 1722 746 lacus

337 758 517 801 rotunda
550 770 608 802 est
627 793 639 814 ‚
670 763 838 818 eiusque
867 759 1116 816 longitudo,
1153 772 1193 803 et
1224 760 1400 803 latitudo
1434 761 1547 806 haud
1600 778 1714 806 exce-

338 819 400 861 dit
432 820 611 875 amplius
642 819 750 861 mille
782 835 934 876 passus.

456 878 581 918 Hunc
613 879 778 936 insuper
810 878 945 920 lacum
976 890 1104 921 aetate
1148 879 1265 922 nobis
1313 879 1515 936 incognita
1567 878 1726 935 ignivo-

336 951 454 979 mum
487 935 610 979 fuisse
641 938 776 987 locum
809 937 1079 980 crediderim:
1115 949 1271 995 praeter
1303 939 1412 980 enim
1435 939 1611 980 vicinam
1635 937 1726 980 Sul-

338 996 613 1052 phurariam‚
650 1012 755 1054 quae
789 998 923 1038 fumat
954 996 1119 1047 adhuc,
1158 997 1339 1054 aliosque
1391 997 1545 1039 vicinos
1599 996 1723 1038 colles

342 1055 422 1094 iam
454 1056 668 1105 extInctos,
701 1056 1036 1112 phoenomenum
1068 1054 1280 1111 quoddam
1315 1053 1590 1111 adspectatur:
1617 1071 1722 1097 cum

342 1113 451 1155 enim
483 1114 642 1154 coelum
673 1128 861 1154 serenum
884 1146 895 1166 ,
926 1123 965 1154 et
983 1113 1094 1154 lacus
1127 1113 1236 1154 haud
1267 1112 1397 1155 ventis
1431 1107 1607 1167 agiteitur
1630 1144 1641 1166 ,
1674 1130 1721 1154 ex

343 1187 386 1214 ea
415 1182 529 1227 parte
558 1187 663 1228 quae
693 1174 839 1226 procul
873 1172 996 1213 distat
1027 1187 1050 1211 a
1098 1172 1313 1213 Charonea
1362 1170 1516 1221 Scrobe
1538 1204 1554 1223 ,
1605 1183 1714 1227 aqua

341 1229 589 1287 quibusdam
620 1232 661 1271 in
693 1230 803 1271 lacus
834 1232 957 1287 ipsius
988 1230 1086 1271 locis
1119 1229 1355 1271 mirandum
1388 1228 1532 1270 ebullit
1564 1230 1605 1271 in
1627 1246 1718 1272 mo-

338 1290 470 1331 dum:
505 1304 552 1330 ex
583 1303 664 1345 qua
696 1287 864 1345 quidem
900 1304 941 1330 re
972 1289 1199 1331 coniectare
1231 1289 1326 1330 licet
1348 1319 1360 1339 ,
1392 1286 1502 1329 lacus
1536 1285 1718 1330 eiusdem

339 1350 473 1390 solum
506 1347 735 1388 vulcanicas
765 1349 978 1389 continere
1007 1347 1141 1388 adhuc
1175 1348 1374 1388 materias.

454 1408 585 1462 Supra
615 1405 750 1447 lacum
782 1405 1032 1461 descriptum
1063 1405 1176 1446 adest
1206 1421 1327 1461 parva
1361 1415 1519 1461 crypta,
1552 1403 1720 1445 aGrae-

337 1468 394 1509 cis
424 1464 623 1524 appellata
654 1465 808 1512 Xotpaevm
834 1464 994 1511 Βὶρκῧρα
1016 1496 1032 1516 ,
1070 1462 1183 1520 quod
1215 1464 1465 1516 Charontis,
1501 1463 1585 1504 sive
1626 1460 1718 1503 deo-

337 1542 433 1570 rum
468 1525 650 1571 manium
685 1526 787 1567 ostia
823 1532 1095 1579 putarentur,
1133 1537 1259 1578 eaque
1292 1522 1441 1563 Serobs
1499 1521 1718 1566 Chorouea

337 1585 535 1636 dictitant,
568 1598 677 1625 nunc
711 1588 863 1626 Grotla
896 1581 971 1622 del
1003 1581 1137 1631 Cane,
1156 1580 1226 1621 ubi
1260 1580 1449 1633 mephitis
1482 1580 1714 1634 quadrupe-

336 1644 460 1687 dibus
491 1642 610 1685 noxia
642 1641 693 1683 ad
726 1656 865 1684 necem
901 1638 1095 1691 exhalat,
1133 1652 1257 1694 quam
1292 1636 1447 1678 Plinius
1466 1650 1715 1681 commemo-¹

340 1713 405 1746 rat
436 1702 542 1744 Hist.
575 1703 722 1742 Natur.
755 1698 825 1740 lib.
859 1698 921 1738 III
951 1700 1086 1754 c.‘93.
1120 1696 1249 1751 Origo
1279 1706 1386 1736 certe
1417 1695 1538 1736 huius
1558 1694 1713 1750 mephi-

338 1763 389 1803 tis
422 1777 442 1803 e
475 1760 609 1804 vicino
639 1760 729 1800 lacu
764 1756 979 1799 derivanda
1009 1788 1021 1807 ‚
1053 1755 1169 1797 cuius
1201 1755 1282 1795 sive
1333 1765 1523 1810 stagnans
1570 1767 1673 1808 aqua
1694 1783 1709 1803 ,

338 1823 420 1862 sive
451 1820 521 1860 lini
555 1819 800 1869 maceratio,
835 1816 917 1856 sive
967 1816 1103 1871 potius
1153 1813 1381 1854 vulcanicae
1425 1812 1713 1853 subterraneae

339 1879 530 1920 materiae
563 1877 742 1917 vicinum
774 1889 905 1915 aerem
941 1882 1229 1928 corrumpunt.
1261 1871 1307 1911 ln
1340 1886 1428 1911 eam
1462 1880 1599 1910 autem
1622 1884 1715 1926 cry-

338 1950 452 1993 ptam
487 1952 604 1978 canes
634 1934 869 1993 praesertim
902 1931 953 1972 ab
983 1931 1129 1974 accolis
1161 1930 1442 1971 immittuntur
1472 1959 1484 1978 ,
1518 1929 1588 1985 qui
1621 1937 1714 1983 post

339 1996 622 2038 brevissimum
655 2005 815 2050 tempus
848 1991 1024 2032 emortui
1056 1991 1171 2046 quasi
1202 1988 1445 2029 auferuntur
1476 2019 1490 2038 ,
1542 1987 1616 2026 nisi
1668 1985 1710 2025 in

337 2055 570 2111 proximum
606 2054 814 2095 Anianum
848 2048 1051 2105 extemplo
1091 2048 1419 2102 immergantur,
1470 2044 1580 2087 unde
1627 2043 1709 2084 vivi

339 2113 576 2168 adsurgunt.
608 2113 671 2153 De
701 2111 869 2151 huiusce
900 2108 956 2149 rei
988 2122 1104 2147 causa
1149 2102 1351 2148 consulsis‘
1393 2104 1581 2162 physicos
1639 2116 1713 2140 au-

339 2183 484 2212 ctores.
518 2170 706 2212 Eandem
739 2179 926 2227 cryptam
956 2164 1146 2208 describit
1177 2163 1378 2218 Georgius
1400 2160 1601 2217 Agricola
1637 2159 1709 2200 lib.

301 2280 306 2285 .
341 2231 414 2276 lV.
455 2230 505 2271 de
536 2231 683 2270 Natur.
889 2251 909 2263 e

459 2289 497 2332 E
527 2288 688 2345 regione
720 2285 868 2333 Auiani
890 2286 999 2328 lacus
1030 2283 1255 2340 adsurgunt
1285 2281 1328 2333 S,
1359 2277 1557 2324 Germani
1590 2274 1713 2319 Suda-
