1920 2579
368 92 440 133 15'

364 113 628 193 mirieralibus
661 144 757 186 olim
791 140 1102 196 scateret‚inde
1134 149 1196 185 tot
1209 139 1355 183 balnea
1375 139 1584 185 aedificata
1606 144 1736 201 fuere,

362 220 408 249 ut
445 222 490 248 ex
520 205 675 255 ruinis,
707 219 808 261 quae
839 211 1056 259 supersunt
1087 200 1223 243 videre
1254 210 1327 242 est.
1361 200 1471 242 Hinc
1502 201 1698 248 Lucullus
1720 239 1736 260 ⁷
1761 208 1777 213 ‘

362 268 424 310 vel
457 264 522 305 alii
555 264 719 305 fortasse
751 261 931 312 Romani·
954 259 1095 302 divites
1115 259 1219 301 hanc
1239 269 1422 315 cryptam
1445 259 1732 316 perfoderunt5

362 338 446 382 quo
476 339 498 364 a
534 321 750 377 Pausilypo
783 330 922 362 monte
941 318 992 360 ad
1015 333 1123 360 mare
1141 317 1432 361 descenderent
1454 320 1733 376 commodius,

363 395 401 424 et
434 382 633 440 propius,
686 390 729 423 ut
766 378 919 422 balneis
949 377 1243 429 mineralibus,
1280 375 1342 417 vel
1376 377 1541 419 marinis
1568 388 1732 422 uteren-

363 453 459 495 tur,
492 441 554 481 vel
587 441 707 481 etiam
739 453 761 481 e
791 448 933 496 crypta
965 436 1203 478 exeuntibus
1248 434 1364 477 facile
1411 436 1488 478 iter
1529 447 1629 478 esset
1660 452 1732 495 pe·-

359 498 585 555 ragendum
639 498 689 540 ad
725 499 948 548 Puteolos,
984 506 1022 537 et
1053 495 1183 537 vicina
1201 495 1290 535 loca
1322 509 1393 549 per
1411 493 1588 551 aliquam
1622 497 1730 539 viam

359 568 583 614 agrestem,
633 557 695 600 vel
723 556 968 613 lignariam,
1007 553 1058 595 de
1105 568 1187 610 qua
1229 551 1340 594 nulla
1393 553 1567 611 amplius
1622 565 1733 598 extat:

362 616 474 675 apud
505 626 689 658 auctores
717 615 882 657 mentio.

475 675 592 717 Nesis
623 675 754 715 insula
786 673 838 714 ad
870 669 1047 713 eundem
1064 668 1260 727 pertinuit
1278 668 1516 723 Lucullum
1536 670 1580 713 id·
1610 686 1732 716 omne

363 748 411 775 ex
434 734 552 774 variis
567 733 774 775 Ciceronis
792 730 1011 788 accipimus
1026 727 1334 770 auctoritatibus
1355 727 1471 771 Orat.
1489 731 1537 772 X.
1561 730 1733 773 inMar-

363 806 457 833 cum
490 796 645 833 Anton.
693 806 810 832 num.
849 792 894 840 ἐμ
936 787 1005 828 lib.
1038 786 1155 830 XVI.
1182 788 1296 844 epist.
1331 799 1369 829 2.
1408 787 1463 828 ad
1510 789 1635 831 Attic.
1684 800 1726 832 et

361 851 474 907 epist.
507 854 532 892 3
566 849 745 891 eiusdem
777 847 1018 890 libri.Hanc
1048 845 1100 888 ad
1131 845 1296 887 Luculli
1326 843 1459 888 filium
1491 848 1735 905 pertinuisse·

359 909 453 950 satis
484 909 612 950 elucet
636 939 651 959 ‚
681 907 750 949 ubi
784 907 951 949 forsitan
984 921 1006 946 a
1042 914 1208 963 parente
1240 904 1376 947 villam
1411 905 1500 947 heic
1547 906 1737 949 habuisse

357 967 610 1008 aedificatam
644 966 901 1009 crediderim.
933 965 1091 1006 Verum
1124 964 1363 1006 Mazochius
1397 962 1448 1005 de
1480 964 1624 1008 Castro
1652 968 1735 1008 Luc

357 1027 436 1067 cul.
472 1042 558 1082 pag.
594 1040 670 1068 211
709 1026 813 1065 hauc
858 1023 1022 1065 Luculli
1067 1021 1204 1066 villam
1239 1034 1443 1065 extensam
1496 1038 1624 1080 usque
1670 1024 1723 1066 ad

353 1085 504 1126 Auiani
535 1085 643 1125 lacus
674 1084 818 1125 vallem
840 1113 853 1132 ,
883 1097 906 1122 a
938 1080 1156 1138 Pausilypo
1189 1082 1455 1136 incipientem
1472 1113 1490 1132 ,.
1518 1091 1738 1139 totamque·

358 1142 643 1184 Balneolanam
676 1144 878 1196 regionem
910 1156 1005 1181 cum
1039 1140 1168 1179 vicina
1199 1141 1350 1181 Neside
1385 1141 1437 1183 ad
1471 1142 1606 1195 ipsum
1642 1143 1730 1197 per-

357 1201 523 1243 tinuisse
556 1210 685 1257 putat'.
719 1200 825 1241 Cum
859 1209 997 1241 autem
1027 1211 1173 1239 omnes
1205 1197 1369 1239 Luculli
1401 1197 1518 1238 villae
1541 1197 1631 1254 post
1649 1199 1735 1240 fata*

358 1258 402 1300 in
431 1260 578 1302 alienas
608 1259 881 1316 pervenissent
904 1271 1063 1306 manu-s,
1082 1270 1144 1297 eas
1175 1256 1353 1312 sequiOri
1385 1271 1482 1297 aevo
1499 1256 1729 1312 Imperator

359 1317 560 1361 Traianus
592 1317 799 1376 possedit,
832 1327 873 1356 et
911 1315 1125 1372 praecipue
1158 1315 1363 1370 Pausilypi
1394 1313 1551 1366 villam,
1575 1324 1621 1355 ut
1641 1326 1736 1369 pro-'2

357 1375 482 1420 batur
514 1392 561 1420 ex
592 1376 776 1434 quodam
805 1374 937 1433 lapide
973 1371 1084 1431 apud
1115 1371 1362 1415 Fabrettum
1400 1387 1494 1430 pag.
1545 1373 1734 1417 CXCIX.

361 1449 476 1478 num.
511 1437 613 1489 486.

482 1498 541 1536 Ea
572 1495 738 1549 insuper
767 1490 885 1533 Nesis
915 1491 1065 1545 insula,
1097 1499 1143 1533 ut
1173 1505 1220 1531 ex
1250 1489 1335 1534 vita
1372 1490 1411 1531 S.
1444 1490 1624 1533 Silvestri
1644 1491 1726 1534 Ro-

361 1554 471 1596 mani
502 1552 710 1595 pontificis
742 1561 911 1604 constat,
929 1565 952 1591 a
974 1553 1126 1605 Magno
1146 1550 1419 1592 Constantino
1440 1549 1733 1605 Neapolitanae

358 1613 559 1654 Ecclesiae
594 1611 669 1653 fuit
700 1610 881 1660 donata,
917 1609 988 1666 qui
1019 1610 1192 1650 insulam
1227 1606 1350 1663 (puta
1378 1606 1602 1665 Nesidem)
1638 1623 1736 1650 cum.⁴

358 1672 507 1713 Castro
542 1672 729 1727 (nempe
764 1668 1033 1721 Lucullano)
1086 1665 1223 1708 solidis
1272 1666 1477 1721 octoginta
1527 1666 1733 1724 pependit.

357 1731 466 1771 Hinc
499 1741 604 1772 reete
623 1728 821 1769 existimat
853 1725 1122 1776 Mazochius‚
1152 1740 1240 1767 eain
1259 1724 1416 1766 nullam
1447 1723 1568 1767 aliam
1614 1725 1740 1768 fuiss&

359 1789 566 1841 insulam,
597 1802 723 1844 quam
753 1784 978 1828 Nesidem:
1012 1798 1106 1826 nam
1138 1783 1251 1826 haud
1280 1782 1473 1825 credibile
1505 1793 1562 1825 est
1582 1815 1597 1837 ‚
1642 1783 1731 1825 Med

356 1848 507 1903 gariarn
540 1856 680 1903 utpote
713 1859 881 1902 parvam
916 1844 1110 1897 insulam,
1145 1857 1317 1899 eamque
1347 1841 1603 1898 scopulosam
1640 1851 1731 1884 tan-

356 1917 440 1947 tam
472 1909 625 1960 argenti
657 1904 875 1961 quotannis
915 1903 1206 1959 Neapolitanae
1259 1901 1463 1942 Ecclesiae
1510 1900 1727 1957 pecuniam·

357 1965 511 2006 solvere
546 1965 755 2021 potuisse3
785 1963 883 2004 hine
915 1974 1025 2005 recte·
1053 1960 1285 2018 putandum
1317 1970 1401 2013 est,
1439 1958 1611 2002 eandem
1650 1957 1732 2001 Ne-

358 2023 485 2065 sidem
525 2023 650 2079 ipsam
691 2022 826 2066 fuisse.

474 2082 590 2123 Idem
625 2080 861 2124 Mazochius
893 2079 986 2120 loco
1016 2078 1139 2120 citato
1172 2093 1259 2135 pag.
1301 2090 1380 2118 221
1424 2074 1641 2119 salvatoris
1674 2073 1740 2116 iti-¹

361 2139 522 2192 sulam,
559 2140 640 2181 sive
669 2139 862 2182 Nesidem
895 2153 992 2179 cum
1022 2137 1097 2178 alia
1131 2138 1296 2179 nomine
1330 2134 1502 2190 Megaria
1520 2132 1737 2174 confusam

362 2197 483 2240 fuisse
515 2199 685 2251 scribit3
717 2197 840 2254 idque
873 2196 1050 2239 evenisse
1080 2196 1185 2238 circa
1215 2194 1422 2236 saeculum
1464 2192 1558 2235 XII.
1590 2191 1738 2247 probat

363 2258 606 2322 auctoritate
636 2258 746 2301 Petri
782 2255 997 2299 Ebulensis
1017 2286 1037 2315 ἑ
1072 2255 1144 2314 qui
1188 2254 1231 2306 in
1280 2254 1406 2309 Elego
1455 2249 1637 2305 carmine
1680 2248 1732 2303 de,
