1920 2579
615 258 1028 298 ΔΙΑΤΡΙΒΗ
1096 260 1160 296 ΙΧ.

280 389 352 430 De
384 386 529 430 causis
561 401 673 444 quae
700 387 946 429 Romanum
979 378 1205 443 perdidere
1235 383 1485 440 Imperium.

679 521 1068 541 u*—

199 700 427 801 Romam
457 756 657 812 principio
688 755 813 809 Reges
843 751 1051 794 habuere:
1086 753 1207 794 iidem
1271 753 1375 792 hanc
1425 750 1572 791 urbem

202 814 365 868 [inperii
398 826 519 869 capnt
565 814 846 855 stabiliendam
879 823 1087 854 curarunt.
1141 812 1343 854 Romulus
1393 811 1571 851 collectis

203 872 433 913 vicinorum
461 887 656 927 agrorum
690 882 902 927 pastorum
931 872 1158 924 agminibus
1188 900 1200 923 ⁷
1231 871 1379 925 eosque
1401 868 1572 909 assiduis·

201 929 421 971 instructos
452 932 611 986 praeliis
650 931 892 972 fortissimos
925 929 1058 970 effecit
1096 928 1242 972 milites
1263 960 1276 979 ,
1309 928 1380 983 qui
1414 938 1578 980 tempo-

203 987 258 1027 ris
284 1002 495 1042 progressu
527 989 773 1047 propinquas
804 987 996 1041 subegere
1026 999 1174 1042 gentes.
1209 989 1337 1042 Reges
1369 997 1579 1027 successo-

207 1060 271 1086 res
303 1045 402 1086 alios
434 1046 586 1101 fregere
618 1045 792 1103 populos
837 1045 1121 1088 Romanorum
1152 1060 1249 1101 agro
1300 1045 1577 1096 adiungentes.

207 1104 438 1159 Tarquiniis
471 1120 516 1147 ex
550 1106 648 1146 urbe
693 1105 838 1146 exactis
859 1134 872 1153 ,
904 1105 1054 1145 Brutus
1103 1105 1299 1145 Consules
1349 1100 1579 1143 constituit.

209 1161 425 1202 Libertatis
471 1177 588 1203 amor
637 1163 714 1203 fuit
763 1163 892 1216 prima
932 1176 1082 1211 causa,
1128 1161 1185 1202 ob
1229 1175 1353 1217 quarn
1406 1160 1583 1198 Romani

207 1217 516 1274 Rempublicani
554 1219 836 1261 efformarunt.
892 1219 970 1259 Hic
1008 1219 1117 1260 idem
1166 1235 1282 1260 arnor
1336 1217 1583 1259 Consulatus

211 1278 493 1319 auctoritatem
526 1278 749 1328 diminuit,
787 1287 826 1316 et
865 1278 981 1318 variis
1015 1278 1267 1332 temporibus
1299 1276 1461 1316 titulum
1517 1274 1585 1313 ab·

211 1334 338 1376 stulit.
368 1336 428 1376 Ut
458 1335 552 1376 inde
580 1337 755 1389 populns
791 1334 988 1376 Consules
1027 1335 1182 1390 legibus
1219 1334 1419 1375 subiectos
1468 1333 1588 1372 habe-

214 1403 307 1442 ret,
339 1392 514 1447 plebeios
549 1394 667 1446 elegit
700 1391 988 1445 magistratus,
1031 1407 1114 1448 quo
1146 1392 1314 1433 illorum
1359 1392 1587 1433 libertatem

217 1460 403 1491 servaret.
437 1451 546 1490 Hinc
584 1451 708 1493 iidem
743 1450 918 1506 plebeii,
958 1461 1004 1491 ut
1035 1450 1263 1501 Consules,
1296 1450 1500 1504 ducesque
1532 1450 1582 1490 fa-

225 1518 363 1548 cerent
420 1507 601 1549 officium
623 1540 636 1558 ‚
686 1511 782 1565 ipsis
814 1523 911 1548 cura
958 1508 1034 1549 suit
1063 1510 1262 1550 mandata.
1293 1507 1456 1549 Publica
1499 1507 1593 1549 offi-

222 1567 280 1606 cia
314 1580 394 1606 non
438 1567 552 1606 aliter
582 1582 706 1622 quam
738 1566 788 1606 ad
820 1581 975 1607 annum
1007 1567 1236 1609 dabantur:
1272 1567 1468 1607 Consules
1485 1567 1591 1608 dein-

220 1623 304 1677 de,
337 1622 482 1680 aliique
512 1625 774 1681 magistratus
805 1624 1012 1666 inferiores
1052 1625 1269 1666 duodecim
1309 1626 1430 1666 etiam
1477 1640 1590 1668 men-

221 1682 332 1722 sibus
369 1681 675 1737 Rempublicam
712 1682 1023 1737 gubernabant,
1057 1695 1094 1725 et
1109 1684 1306 1725 Consules
1329 1683 1591 1726 nullaminde

225 1739 428 1782 habebant
465 1744 780 1792 auctoritatem,
813 1756 937 1796 quam
972 1741 1080 1782 illam
1115 1742 1278 1798 ipsam,
1321 1757 1425 1796 quae
1458 1759 1502 1783 cx
1540 1741 1598 1782 of·

227 1797 323 1839 ficio
355 1798 623 1851 proveniebat.
657 1800 765 1839 Hinc
796 1815 914 1854 saepe
956 1802 1118 1852 evenit,
1157 1811 1202 1841 ut
1232 1801 1305 1853 ipsi
1337 1801 1407 1855 qui
1455 1800 1604 1841 exereiss'

225 1867 345 1896 tuum
376 1856 535 1896 fuerant
574 1857 696 1898 duces
716 1892 729 1911 ,
762 1858 877 1898 novis
911 1870 1096 1912 parerent
1115 1859 1358 1900 Consulibus
1379 1859 1417 1899 in
1443 1860 1594 1907 castris,

225 1928 299 1954 nec
333 1913 404 1953 nisi
433 1914 571 1954 decem
605 1926 692 1971 post
727 1930 853 1957 annos
890 1915 1039 1959 iterum
1070 1917 1343 1958 Consulatum
1377 1918 1474 1958 inire
1507 1931 1596 1970 pos-

229 1982 330 2012 sent.
363 1970 480 2013 Ade'o
516 1973 636 2025 igitur
667 1975 807 2029 primis
845 1975 1098 2030 temporibus
1135 1975 1240 2030 leges
1271 1986 1405 2016 sancte
1443 1975 1597 2031 religio-

236 2045 359 2086 seque
409 2029 701 2072 servabantur!

348 2089 402 2129 At
436 2090 543 2128 nulla
576 2091 804 2145 priscorum
850 2092 1132 2133 Romanorum
1181 2108 1273 2148 pars
1326 2104 1406 2132 tam
1445 2103 1599 2133 servata

231 2146 307 2186 fuit
338 2145 388 2185 ab
421 2145 497 2186 illis
532 2148 549 2204 (·
581 2159 626 2188 ut
661 2147 890 2190 libertatem
935 2162 1149 2191 tuerentur
1180 2149 1195 2208 J
1232 2166 1354 2206 quam
1391 2163 1597 2204 paupextoe

227 2205 277 2244 tis
297 2216 554 2260 contemptus
573 2207 642 2262 qni
666 2209 821 2248 tamdiu
862 2208 1128 2263 perduravit,
1166 2210 1300 2264 quoad
1329 2208 1488 2249 illarum
1513 2225 1597 2248 mou

232 2277 292 2324 res
327 2263 491 2316 viguere.
524 2268 632 2306 Haec
663 2277 875 2321 paupertas
909 2283 1011 2323 quae
1043 2278 1160 2308 antea
1201 2268 1278 2307 suit
1324 2270 1541 2308 neceSsaria
1580 2299 1593 2316 2

234 2321 740 2381 snbs⁴zeutis·terupoiibus
774 2325 861 2366 fuit
894 2327 1048 2381 virtus,
1079 2342 1203 2383 quam
1234 2325 1358 2368 iidem
1398 2327 1454 2366 uti
1487 2326 1598 2366 laber-
