1920 2579
1453 104 1525 144 ³81

153 158 368 202 Coloniam
418 154 714 213 parthenopem
767 155 999 200 condidisse
1031 166 1182 198 narrat.
1216 155 1386 199 Constat
1437 175 1536 201 vero

155 218 230 258 sub
265 216 474 275 Hippoclis
497 249 510 267 ‚
543 227 581 257 et
613 216 884 267 Megasthenis
916 217 1104 272 auspiciis
1137 215 1234 256 olim
1278 217 1319 257 in
1383 217 1546 259 ltaliam

155 276 385 318 adventasse
416 276 639 317 Cumaeam
667 274 916 325 Coloniam,
947 287 1072 331 atque
1107 274 1207 315 hinc
1240 275 1350 331 apud
1407 276 1529 317 Mise-

156 350 257 375 num
290 335 449 391 aliquid
476 333 700 375 constitisse
731 344 892 389 tempus
914 369 927 387 ,
961 343 1000 374 et
1033 350 1054 374 a
1090 333 1252 374 Miseno
1272 344 1409 389 postea
1428 335 1532 375 Nea-

161 393 291 449 polim*
321 394 574 447 adnavigasse
596 422 606 441 ‚
640 406 723 447 quo
754 391 857 432 hanc
890 391 1035 433 urbem
1068 391 1317 435 aedificaret.
1359 393 1413 434 At
1448 408 1542 433 cens

158 462 217 492 set
247 450 547 501 Martorellius,
583 448 799 491 Coloniam
836 449 946 492 illam
979 451 1198 507 Neapolim
1245 450 1534 493 advenientem

162 526 207 551 ex
241 511 406 552 Euboea
460 508 590 550 insula
621 508 850 564 navigasse,
906 509 1032 567 idque
1065 510 1208 560 Livii,
1241 519 1284 550 et'
1327 508 1534 551 Patereuli

160 569 306 625 probat
341 569 593 608 auctoritate.

269 627 360 667 Hoc
392 625 564 683 opidum
605 625 881 685 Parthenopes
916 627 984 683 (1)
1020 627 1201 683 primum
1252 621 1484 668 di'ctitatum
1515 644 1536 680 3-

163 831 347 867 Christum
377 830 518 867 saeculo
545 831 730 867 Antonino
776 832 976 880 imperante
1011 830 1168 875 floruit,
1218 830 1262 867 de
1293 829 1535 868 Phoenicibus

160 881 267 916 etiam
294 882 379 929 agit.
412 882 595 917 Praetereo
625 881 820 930 Tyriorum
849 882 1035 929 epistolam
1062 880 1352 916 Puteolanorum
1382 910 1392 926 ,
1423 895 1535 930 quam

158 931 262 966 affert
307 921 360 964 Cl.
390 932 536 978 ignaria
565 930 606 965 de
650 931 830 966 Palaestra
867 931 1021 978 Neapol.
1053 931 1116 964 ubi
1158 930 1235 978 agit
1263 930 1306 966 de
1335 931 1533 981 Buthysiae

161 992 273 1028 agone
319 991 401 1028 pag.
432 979 515 1013 230.
732 1023 734 1025 ι

221 1036 225 1037 ’
257 1030 316 1078 (1)
344 1027 586 1077 Parthenopes
616 1041 684 1063 nou
711 1028 782 1064 fuit
808 1027 953 1064 Eumeli
982 1027 1068 1064 filia,
1097 1028 1441 1078 Negandumhaud
1467 1038 1540 1074 est,

157 1080 247 1127 quin
273 1079 450 1115 Homerus
477 1078 619 1114 Eumeli
643 1079 746 1114 faciat
774 1080 1024 1125 mentionem,
1073 1079 1138 1115 sed
1177 1079 1319 1115 nullam
1359 1082 1390 1116 ei
1427 1081 1538 1117 filiam

159 1128 413 1178 Parthenopen
443 1130 587 1164 nomine
617 1129 754 1165 tribuit.
784 1128 915 1165 Strabo
943 1128 1089 1165 nullum
1117 1129 1237 1166 eidem
1264 1130 1376 1166 ctiam
1406 1145 1535 1180 parenm

158 1186 232 1216 ‘tem
260 1179 428 1228 assignat.
456 1178 600 1215 Falsum
629 1193 717 1215 vero
739 1187 790 1216 est
818 1179 916 1228 quod
944 1194 962 1215 a
992 1179 1212 1228 quibusdam
1234 1182 1431 1225 memoriae
1450 1195 1535 1231 pro-

158 1229 257 1265 ditur
277 1257 287 1274 ,
316 1229 567 1278 Parthenopen
597 1230 724 1265 urbem
753 1229 955 1265 condidisse
981 1258 989 1275 ,
1019 1230 1080 1266 sed
1108 1231 1229 1280 potius
1268 1230 1456 1269 Cumanos
1494 1233 1537 1268 il·-

156 1280 228 1315 lius
253 1279 486 1316 fundamenta
516 1281 637 1316 iecisse
666 1281 905 1316 affirmamus.
935 1281 1039 1316 Hanc
1068 1289 1215 1330 gentem
1251 1283 1264 1326 (
1292 1294 1406 1330 eaque
1426 1282 1538 1319 altera

159 1329 308 1366 Colonia
327 1357 336 1374 ,
363 1329 452 1366 dum
480 1331 592 1379 prima
622 1330 868 1379 Phoenicium
895 1331 965 1366 fuit
1008 1331 1108 1367 iuxta
1154 1331 1419 1379 Martorellium
1446 1336 1459 1378 )
1496 1340 1537 1369 θλ·

160 1380 310 1416 Euboea
339 1381 455 1417 insula
486 1381 521 1415 in
550 1380 690 1416 Italiam
719 1380 906 1417 advectam
927 1394 1000 1417 esse
1020 1409 1031 1426 ,
1057 1382 1195 1418 Cumas
1221 1381 1438 1427 condidisse,
1471 1396 1537 1431 po-

159 1437 304 1479 steaque
331 1431 514 1480 Neapolim
545 1427 695 1466 tradunt
721 1432 853 1468 *vetusti
883 1438 1048 1468 auctores
1073 1427 1335 1481 Megasthene,
1375 1443 1410 1467 et
1446 1433 1537 1481 Hip-

160 1481 265 1530 pocle
294 1480 458 1517 ducibus.
483 1482 541 1516 Eu
571 1490 612 1517 ut
640 1480 802 1517 Velleius
827 1479 1042 1518 Paterculus
1071 1482 1167 1518 iuter
1197 1493 1333 1518 ceteros
1364 1481 1401 1517 id
1430 1489 1538 1518 testa-

163 1539 222 1567 tur
249 1531 314 1566 lib.
344 1532 359 1566 Ι
404 1545 432 1567 c.
458 1531 496 1578 4.
527 1531 613 1567 Nee
638 1532 750 1568 multo
771 1539 855 1580 post
883 1530 1149 1567 Chalcidenses
1176 1534 1249 1567 orci
1269 1560 1278 1576 ,
1309 1540 1347 1568 ιιι
1381 1533 1538 1581 praede-

160 1584 280 1617 ximus
297 1609 307 1625 ,
337 1581 468 1617 Atticis
495 1582 696 1630 Hippocle,
726 1589 761 1617 et
786 1581 1027 1631 liffegastlzene
1044 1582 1210 1627 (lucibus,
1242 1583 1378 1618 Cumas
1399 1586 1436 1617 in
1456 1584 1536 1618 Ita-

160 1633 211 1667 lia
236 1632 480 1668 condiderunt
509 1661 516 1667 .
551 1660 558 1665 .
585 1657 594 1667 .
623 1658 632 1667 .
664 1659 673 1667 .
697 1644 786 1681 pars
813 1629 944 1668 horum
972 1635 1108 1668 civium
1153 1645 1290 1681 magno
1313 1640 1394 1681 post
1421 1635 1533 1668 inter-

161 1683 256 1718 vallo
283 1682 485 1730 Neapolim
511 1679 688 1718 condidit.
716 1685 762 1718 At
789 1682 1029 1719 concedamus
1070 1683 1338 1732 Parthenopen
1386 1684 1535 1719 Eumeli

163 1732 275 1768 filiam
320 1734 449 1774 fuisse,
493 1734 691 1782 urbemque
735 1733 935 1769 aedificasse
956 1760 966 1776 ,
996 1746 1149 1782 eamque
1178 1736 1316 1776 maria,
1350 1740 1385 1768 et
1427 1733 1536 1770 litora

164 1789 341 1816 errantem
370 1781 406 1815 in
432 1782 573 1817 Italiam
602 1782 749 1817 taudem
777 1783 975 1826 advectam,
1006 1783 1127 1831 ibique
1159 1783 1279 1818 sedem
1304 1783 1434 1817 fixisse:
1468 1795 1535 1831 ego

164 1831 307 1866 interim
337 1844 470 1879 quaero
490 1858 499 1874 ,
530 1837 569 1865 ut
597 1831 686 1866 mihi
713 1832 943 1866 auctoritates
970 1831 1208 1879 depromant,
1246 1844 1288 1866 ex
1316 1832 1453 1878 quibus
1498 1832 1536 1868 id

163 1891 349 1930 arguatur.
380 1881 522 1916 Adhaec
551 1881 578 1916 si
608 1893 713 1916 verus
741 1880 865 1916 fuisset
903 1880 957 1915 ad>
986 1888 1103 1916 nostra
1146 1881 1247 1918 litora
1296 1881 1535 1927 Parthenopis

166 1930 341 1968 adventus
365 1960 374 1976 ,
402 1931 560 1980 profecto
607 1944 647 1966 ex
683 1929 876 1967 Graiorum
918 1930 1173 1966 traditionibus
1194 1959 1203 1974 ,
1235 1930 1281 1968 ad
1309 1944 1372 1967 nos
1422 1928 1536 1982 usqiue

164 1981 288 2017 suisset
317 1995 368 2017 res
397 1980 521 2025 tradita
542 2010 551 2026 ‚
581 1981 673 2017 sicut
701 1994 742 2016 ex
769 1980 947 2016 Paterculi
976 1980 1131 2017 adducta
1159 1981 1274 2031 liquet
1303 1982 1532 2027 auctoritate,

166 2031 263 2080 quod
292 2032 445 2068 Cumani
474 2030 708 2080 Megasthene
731 2059 740 2076 ,
767 2028 1015 2080 Hippocleque
1044 2031 1200 2067 ducibus
1228 2032 1416 2080 Neapolim
1446 2046 1531 2068 con-

165 2081 348 2119 diderint.-
377 2083 424 2118 ita
452 2084 560 2118 etiam
579 2080 982 2130 Parthenopistumeli
1010 2082 1103 2118 filiae
1132 2082 1332 2118 adventum
1375 2095 1536 2118 comme-

166 2140 362 2169 morassent
400 2139 583 2175 auctores3
618 2131 702 2168 hinc
740 2131 839 2168 nulla
876 2131 977 2167 istius
1003 2131 1099 2168 adest
1127 2133 1341 2177 auctoritas,
1393 2145 1433 2168 ex
1462 2147 1532 2182 qua

167 2182 204 2217 id
231 2184 370 2232 probari
399 2182 684 2232 liquidopossit.
705 2181 1002 2218 Concludendnm
1022 2183 1137 2233 igitur
1153 2210 1163 2227 ,
1189 2182 1322 2220 falsum
1337 2196 1413 2220 esse
1433 2183 1535 2232 quod

166 2234 241 2282 ipsa
270 2234 437 2283 Neapolis
463 2233 674 2269 fundamina
695 2232 829 2275 iecerit.;
1312 2232 1317 2237 ’

231 2320 234 2321 ⁷
267 2285 312 2323 At
339 2285 433 2322 dicet
458 2284 601 2324 fortasse
627 2283 784 2333 aliquis.-
813 2297 993 2336 quaenam
1020 2297 1110 2336 ergnos
1141 2284 1251 2335 haec,
1284 2284 1533 2336 *quandoque
