1920 2579
912 128 915 130 -
1469 102 1545 153 193

180 166 274 205 dem
306 162 540 213 advertere,
570 159 785 218 Neapolim
808 189 819 211 ,
851 170 896 202 ut
929 158 1135 209 diximus,
1169 171 1190 197 a
1223 158 1407 211 gentibus
1426 160 1544 198 variis

179 225 306 264 fuisse
332 220 584 273 habitatam,
619 234 787 275 eamque
820 231 841 258 a
874 218 1074 272 Regibus,
1107 226 1147 257 et
1178 216 1360 258 Ducibus
1382 248 1396 267 ,
1433 227 1471 257 et
1496 217 1543 258 ab

182 281 324 321 iisdem
359 278 677 335 Imperatoribus
709 275 933 318 identidem
965 290 1085 318 muro
1119 285 1281 317 auctam
1306 307 1317 325 ,
1351 287 1469 332 atque
1489 291 1547 317 re-

182 349 402 380 stauratam
437 349 545 390 esse,
581 348 626 378 ut
659 352 753 377 mox
785 335 1018 377 dicendum.

301 396 436 438 Huius
467 396 630 436 interim
663 406 792 437 turres
813 427 823 447 ,
857 405 977 452 atque
1012 395 1169 436 moenia
1214 393 1498 450 praedicamur
1532 395 1610 434 aMo

183 456 326 513 priscis
357 454 692 510 historiographis
713 486 727 506 ,
757 469 888 511 eaque
922 454 1182 504 obsidiones,
1218 463 1338 509 atque
1371 453 1551 495 hostium

184 515 434 556 incursiones
467 513 544 553 iam
578 528 600 553 a
633 512 839 555 Romanae
873 512 1131 569 Reipublicae
1164 526 1261 552 aevo
1296 526 1408 567 passa
1441 524 1552 554 suut„

185 570 393 614 Han-nibal
425 573 534 612 enim
568 573 814 629 praecipue,
852 572 922 629 qui
956 581 1015 612 tot
1035 569 1202 613 urbibus
1222 570 1451 611 fortissimis
1472 587 1555 611 nou

189 632 320 674 solum
356 629 491 671 Italiae
514 662 524 682 ‚
559 646 700 672 verum
734 631 855 672 etiam
885 629 1135 686 Campaniae
1168 629 1204 671 vi
1227 660 1237 678 ,
1285 639 1406 684 atque
1453 629 1557 671 obsi-

190 691 310 733 dione
342 689 471 730 fuerat
503 690 655 744 potitus
678 721 689 739 ‚
723 693 859 732 statim
891 705 936 730 ac
958 687 1173 743 Neapolim
1197 686 1555 744 adpropinquavit,

188 750 401 791 exterritus
438 749 624 803 proiecto
658 749 747 790 fuit.
781 751 842 790 Eu
878 759 924 791 ut
959 748 1099 787 Livius
1132 745 1201 787 lib·
1257 746 1415 787 XXlIl.
1469 763 1502 789 c.
1537 747 1556 791 Ι

188 817 389 855 testatur3
425 807 492 847 Ab
549 808 651 846 urbe
692 806 986 864 oppugnanda
1036 806 1233 845 Poenum
1291 803 1560 845 absterruere

188 873 414 919 conspecta
450 865 619 905 moenia
653 865 990 923 haudquaquam
1019 872 1225 918 prompta
1280 869 1558 921 oppugnanti.

188 923 408 965 Belisarius
448 923 568 962 etiam
601 924 817 963 Iustiniani
854 922 1114 976 impera-toris
1146 921 1231 960 dux
1262 930 1449 962 strenuus
1471 933 1563 977 post

185 982 367 1023 multum
401 989 562 1034 tempus
595 995 683 1021 eam
719 980 862 1020 urbem
894 992 1161 1033 oppugnans,
1197 977 1479 1034 desperatione
1498 991 1564 1020 ena*

189 1039 281 1081 dem
318 1038 507 1093 potiundi
543 1049 678 1078 motus
708 1039 790 1079 ”iam
826 1036 1034 1078 discedere
1062 1035 1300 1091 cogitabat,
1346 1036 1387 1076 in
1437 1053 1564 1093 eaque

188 1097 400 1141 obsidione
431 1095 566 1152 plures
599 1098 733 1138 amisit
766 1095 923 1137 milites.
955 1096 1013 1137 Ita
1048 1105 1187 1136 narrat
1219 1094 1445 1151 Procopius
1494 1097 1561 1138 lib,

187 1158 217 1198 Ι.
251 1156 309 1196 de
335 1156 449 1196 Bello
482 1154 663 1197 Gothico
694 1171 729 1197 c.
762 1159 783 1198 8
827 1154 950 1211 quod
999 1153 1217 1196 confirmat
1259 1153 1376 1194 etiam
1422 1164 1565 1195 auctor

187 1213 392 1265 Historiae
422 1214 626 1256 Miscellae
656 1215 729 1257 lib.
763 1214 884 1256 XVI.
919 1229 952 1256 c.
993 1224 1054 1266 14.
1103 1211 1288 1254 Tandem
1345 1215 1566 1270 Neapolim

188 1276 267 1316 suit
300 1275 500 1330 ingressus
534 1273 641 1316 idem
672 1273 890 1317 'Belisarius
923 1287 1031 1314 anno
1064 1271 1310 1328 DXXXVL
1363 1287 1441 1313 non
1495 1288 1566 1328 per

186 1333 328 1375 muros
351 1365 364 1385 ,
403 1334 472 1388 qui
504 1333 673 1389 quidem
706 1342 942 1375 eranttunc
966 1332 1217 1382 validissimi,
1238 1330 1310 1372 sed
1332 1346 1402 1386 pet·
1420 1346 1567 1389 aquae-

191 1393 397 1447 ductum,
431 1392 499 1434 ubi
534 1393 596 1433 via
626 1392 729 1436 facta
762 1401 856 1450 est,
889 1401 927 1433 et
961 1390 1157 1433 militibus
1189 1390 1378 1431 immissis
1423 1405 1568 1444 magua

191 1453 415 1493 internecio
449 1464 606 1508 peracta
632 1485 643 1503 ,
677 1463 723 1494 ut
756 1468 804 1494 ex
836 1450 982 1492 eodem
1015 1460 1124 1508 patet
1172 1449 1381 1490 historico·
1432 1449 1568 1491 Huiu-

192 1527 256 1553 sce
287 1511 566 1566 aquaeductus
600 1527 692 1568 pars
724 1510 859 1551 adhuc
892 1519 999 1550 extat
1030 1511 1070 1549 iu
1104 1507 1344 1565 depressiori
1368 1538 1380 1557 ,
1415 1517 1452 1549 et
1471 1506 1564 1547 sub-

190 1583 374 1611 terranea
411 1581 522 1625 parte
553 1572 601 1611 S:
625 1570 787 1611 {oannis
821 1568 871 1610 ad
902 1567 1200 1610 *Cafbonariam
1221 1597 1237 1618 ,
1273 1577 1319 1606 ut
1340 1564 1481 1619 vulgus
1499 1581 1569 1621 ap-

190 1628 357 1687 pellitat.
393 1629 468 1669 Per
498 1629 610 1670 hunc:
644 1628 756 1670 urbis
787 1627 925 1671 locum
958 1628 1141 1671 invectus
1164 1635 1220 1668 est
1239 1626 1366 1667 etiam
1384 1625 1570 1682 Alphon-

197 1689 227 1727 si
262 1689 378 1740 Regis
410 1688 603 1742 Aragonii
638 1688 850 1730 exercitus.
1113 1695 1115 1697 ’

312 1747 465 1785 Totilas
499 1747 713 1801 Neapolim
746 1759 913 1804 quoque
945 1743 1104 1788 obsedit
1125 1760 1231 1784 anno
1249 1742 1444 1784 DXLIII.
1482 1758 1570 1797 pro·

197 1802 390 1858 misitque
421 1804 451 1843 si
486 1818 577 1844 suae
610 1804 753 1845 ditioni
790 1819 830 1844 se
862 1814 1006 1861 sponte
1041 1803 1182 1841 darent
1215 1802 1321 1840 cives
1345 1830 1354 1847 ,
1388 1801 1484 1841 nihil
1510 1817 1572 1840 ur-

194 1861 235 1902 bi
285 1861 377 1901 mali
403 1892 415 1911 ,
466 1861 760 1918 moenibusque
805 1862 1037 1902 facturum:
1087 1859 1154 1900 sed
1204 1859 1285 1900 Rex
1321 1857 1385 1898 ille
1435 1873 1564 1899 sacra-

195 1929 310 1960 ment
329 1936 383 1961 im
417 1919 525 1960 haud
559 1923 740 1961 servavit.
777 1920 1000 1973 Procopius
1031 1917 1119 1959 loco
1150 1928 1242 1957 ante
1274 1918 1395 1958 citato
1444 1919 1564 1959 tradit

197 1979 373 2021 eundem
407 1978 645 2024 Gothorum
678 1982 830 2033 Regem
866 1976 1043 2020 Totilam
1074 1977 1244 2031 ,antiqua
1280 1974 1390 2016 urbis
1406 1979 1566 2018 moenia

201 2038 387 2078 evertisse
408 2068 420 2087 ,
457 2052 500 2078 ea
536 2047 694 2078 tantum
729 2049 842 2093 parte
874 2048 1055 2088 servata,
1089 2051 1192 2092 quae
1223 2050 1332 2074 mare
1386 2036 1567 2090 respicie-

199 2096 266 2137 bat
291 2126 303 2145 ‚
335 2112 417 2153 quo
448 2099 481 2137 si
517 2095 609 2137 alias
642 2097 812 2153 opidum
850 2096 954 2137 foret
984 2095 1197 2137 obsessum
1230 2109 1275 2133 cx
1323 2108 1365 2133 ea
1413 2105 1526 2150 parte
1549 2128 1562 2144 ,

194 2154 381 2200 hostibus
423 2156 761 2198 resisteretur.lta
797 2156 917 2210 igitur
967 2153 1247 2209 antiquissima
1296 2152 1409 2193 urbis
1461 2168 1569 2195 mod

202 2215 266 2254 nia
287 2244 298 2260 ,
333 2228 435 2271 quae
468 2231 538 2270 per
572 2217 801 2271 Augustum
830 2248 840 2267 ,
882 2214 1104 2255 Traianum
1125 2246 1136 2264 ‚
1184 2213 1361 2267 aliosque
1408 2213 1571 2253 fuerant

206 2274 746 2335 restaurata*pet-'sequiora
780 2269 931 2318 saecula
957 2309 970 2329 ‚
1005 2279 1136 2315 eversa
1170 2282 1276 2313 suut.

325 2331 369 2377 T,
436 2333 473 2381 ,I-
1277 2334 1328 2371 26

1616 394 1671 418 ¹>nia
1694 395 1783 421 sortis-

1625 439 1697 456 suut
